% Encoding: UTF-8


@article{han2023diversification,
  title={Diversification quotients based on VaR and ES},
  author={Han, Xia and Lin, Liyuan and Wang, Ruodu},
  journal={Insurance: Mathematics and Economics},
  volume={113},
  pages={185--197},
  year={2023},
  publisher={Elsevier}
}


@article{mainik2013diversification,
  title={Diversification in heavy-tailed portfolios: properties and pitfalls},
  author={Mainik, Georg and Embrechts, Paul},
  journal={Annals of Actuarial Science},
  volume={7},
  number={1},
  pages={26--45},
  year={2013},
  publisher={Cambridge University Press}
}



@article{guo2021capital,
  title={Capital allocation techniques: Review and comparison},
  author={Guo, Qiheng and Bauer, Daniel and Zanjani, George H},
  journal={Variance},
  volume={14},
  number={2},
  url = {https://variancejournal.org/article/29684-capital-allocation-techniques-review-and-comparison},
  year={2021}
}




@article{frahm2003elliptical,
  title={Elliptical copulas: applicability and limitations},
  author={Frahm, Gabriel and Junker, Markus and Szimayer, Alexander},
  journal={Statistics \& Probability Letters},
  volume={63},
  number={3},
  pages={275--286},
  year={2003},
  publisher={Elsevier}
}



@misc{cummins2014systemic,
  title={Systemic risk and the US insurance sector},
  author={Cummins, J David and Weiss, Mary A},
  journal={Journal of Risk and insurance},
  volume={81},
  number={3},
  pages={489--528},
  year={2014},
  publisher={Wiley Online Library}
}



@article{pericoli2003primer,
  title={A primer on financial contagion},
  author={Pericoli, Marcello and Sbracia, Massimo},
  journal={Journal of economic surveys},
  volume={17},
  number={4},
  pages={571--608},
  year={2003},
  publisher={Wiley Online Library}
}

@article{eling2016we,
  title={What do we know about cyber risk and cyber risk insurance?},
  author={Eling, Martin and Schnell, Werner},
  journal={The Journal of Risk Finance},
  volume={17},
  number={5},
  pages={474--491},
  year={2016},
  publisher={Emerald Group Publishing Limited}
}


@Misc{LLoyds2014,
  author={Toumi, Ralf and Restell, Lauren},
  title        = {Catastrophe Modelling and Climate Change},
  year         = {2014},
  annote       = {. Retrieved on 24 May, 2024.},
  url          = {https://assets.lloyds.com/assets/pdf-modelling-and-climate-change-cc-and-modelling-template-v6/2/pdf-modelling-and-climate-change-CC-and-modelling-template-V6.pdf},
    publisher={Lloyds of London}
}




@book{haberman2018actuarial,
  title={Actuarial models for disability insurance},
  author={Haberman, Steven and Pitacco, Ermanno},
  year={2018},
  publisher={Routledge}
}


@article{daw1979smallpox,
  title={Smallpox and the double decrement table: a piece of actuarial prehistory},
  author={Daw, RH},
  journal={Journal of the Institute of Actuaries},
  volume={106},
  number={3},
  pages={299--318},
  year={1979},
  publisher={Cambridge University Press}
}


@article{stout1974almost,
  title={Almost Sure Convergence},
  author={Stout, William F},
  publisher = {Academic Press, New York},
  year={1974}
}

@book{billingsley2013convergence,
  title={Convergence of probability measures},
  author={Billingsley, Patrick},
  year={2013},
  publisher={John Wiley \& Sons}
}

@incollection{Machina2013,
  title={Non-Expected Utility and the Robustness of the Classical Insurance Paradigm},
  author={Machina, Mark J},
  booktitle={Handbook of Insurance, Second Edition},
  pages={59--106},
  year={2013},
  publisher={Springer}
}

@article{gutterman2017IAA,
  title={IAA Risk Book Chapter 17—Risk and Uncertainty},
  author={Gutterman, Sam},
  year={2017},
  url = {https://www.actuaries.org/IAA/Documents/Publications/RiskBook/Ch17_Risk_and_Uncertainty_2017-06-06.pdf}
}



@Book{Knight1921,
author = {Knight, FH},
title = {Risk, Uncertainty, and Profit},
publisher = {Houghton Mifflin},
address = {Boston/New York},
year = {1921}
}


Knight FH (1921) Risk, uncertainty, and profit. Houghton Mifflin, Boston/New York


@article{frees2024InsRisk,
  title={Insurable risk portfolios and data uncertainty},
  author={Frees, Edward W and Shi, Peng},
  year={2024},
}

@article{shapiro2013sample,
  title={Sample average approximation},
  author={Shapiro, Alexander},
  journal={Encyclopedia of Operations Research and Management Science},
  volume={3},
  pages={1350--1355},
  year={2013},
  publisher={Springer Boston, MA}
}

@Book{bier18,
author = {Michel Bierlaire},
title = {Optimization: Principles and Algorithms},
publisher = {EPFL Press},
address = {Lausanne},
edition = {2nd},
url = {http://optimizationprinciplesalgorithms.com/},
ISBN = {9782940222780},
year = {2018}
}

@article{demiguel2009generalized,
  title={A generalized approach to portfolio optimization: Improving performance by constraining portfolio norms},
  author={DeMiguel, Victor and Garlappi, Lorenzo and Nogales, Francisco J and Uppal, Raman},
  journal={Management science},
  volume={55},
  number={5},
  pages={798--812},
  year={2009},
  publisher={INFORMS}
}


@book{fiacco1990nonlinear,
  title={Nonlinear programming: sequential unconstrained minimization techniques},
  author={Fiacco, Anthony V and McCormick, Garth P},
  year={1990},
  publisher={SIAM}
}

@article{robinson1974perturbed,
  title={Perturbed Kuhn-Tucker points and rates of convergence for a class of nonlinear-programming algorithms},
  author={Robinson, Stephen M},
  journal={Mathematical programming},
  volume={7},
  pages={1--16},
  year={1974},
  publisher={Springer}
}

@book{luenberger2016linear,
  title={Linear and Nonlinear Programming},
  author={Luenberger, David G and Ye, Yinyu and others},
  journal={International Series in Operations Research and Management Science},
  year={2016},
  publisher={Springer}
}



@article{ban2018machine,
  title={Machine learning and portfolio optimization},
  author={Ban, Gah-Yi and El Karoui, Noureddine and Lim, Andrew EB},
  journal={Management Science},
  volume={64},
  number={3},
  pages={1136--1154},
  year={2018},
  publisher={INFORMS}
}



@book{koenker2005quantile,
  title={Quantile Regression},
  author={Koenker, Roger},
  volume={38},
  year={2005},
  publisher={Cambridge University Press}
}

@Misc{frees2024multivariate,
  title={Data and Code to Support 'Multivariate frequency severity regression models in insurance'},
  author={Frees, Edward W and Lee, Gee and Yang, Lu},
  pages={4},
  year={2024},
  publisher={University of Wisconsin-Madison},
  url = {https://sites.google.com/a/wisc.edu/jed-frees/home}
}



@Misc{Henrion2024,
  author  ={Henrion, René},
  title   = {Chance-constrained programming},
  year    = {2024},
  annote = {. Retrieved on 11 Feb, 2024.},
  url        = {https://www.stoprog.org/what-stochastic-programming},
  publisher={Stochastic Programming Society}
}


@article{metropolis1949monte,
  title={The monte carlo method},
  author={Metropolis, Nicholas and Ulam, Stanislaw},
  journal={Journal of the American Statistical Association},
  volume={44},
  number={247},
  pages={335--341},
  year={1949},
  publisher={Taylor \& Francis}
}


@Book{Fu2015Book,
  title={Handbook of Simulation Optimization},
  editor={Fu, Michael C},
  year={2015},
  publisher={Springer}
}


@article{liu2009kernel,
  title={Kernel estimation of quantile sensitivities},
  author={Liu, Guangwu and Hong, Liu Jeff},
  journal={Naval Research Logistics},
  volume={56},
  number={6},
  pages={511--525},
  year={2009},
  publisher={Wiley Online Library}
}


@InProceedings{Fu2015Gradient,
  title={Stochastic gradient estimation},
  author={Fu, Michael C},
  booktitle={Handbook of Simulation Optimization},
  editor = {Fu, Michael C},
  pages={105--148},
  year={2015},
  publisher={Springer}
}


@article{kim2015guide,
  title={A guide to sample average approximation},
  author={Kim, Sujin and Pasupathy, Raghu and Henderson, Shane G},
  journal={Handbook of simulation optimization},
  pages={207--243},
  year={2015},
  publisher={Springer}
}



@book{Givens2013wiley,
  title={Computational Statistics, Second Edition},
  author={Givens, Geof H and Hoeting, Jennifer},
  volume={596},
  year={2013},
  publisher={Wiley Online Library}
}

@Misc{USNWR2023,
  author  ={Yates, Natalie},
  title   = {Reciprocal Insurance Exchange},
  year    = {2023},
  annote = {. Retrieved on 31 Jan, 2024.},
  url        = {https://www.usnews.com/insurance/glossary/reciprocal-insurance-exchange},
  publisher={US News and World Report}
}

@article{mayers2000organizational,
  title={Organizational forms within the insurance industry: Theory and evidence},
  author={Mayers, David and Smith, Clifford W},
  journal={Handbook of insurance},
  pages={689--707},
  year={2000},
  publisher={Springer}
}


@article{rego2020insurance,
  title={Insurance in today’s sharing economy: new challenges ahead or a return to the origins of insurance?},
  author={Rego, Margarida Lima and Carvalho, Joana Campos},
  journal={InsurTech: A legal and regulatory view},
  pages={27--47},
  year={2020},
  publisher={Springer}
}


@book{feng2023decentralized,
  title    = {Decentralized Insurance: Technical Foundation of Business Models},
  author   = {Feng, Runhuan},
  year     = {2023},
  publisher= {Springer Nature}
}


@Misc{ANUWorkers2023,
  author={ANU},
  title        = {Workers' Compensation at ANU},
  year         = {2023},
  annote       = {. Retrieved on 16 Jan, 2024.},
  url          = {https://services.anu.edu.au/human-resources/health-safety/workers-compensation-at-anu},
}



@Misc{Forbes2023,
  author  ={Metz, Jason and Valentine, Ashlee},
  title       = {Business Owners Policy (BOP): Coverage and Costs},
  year      = {2023},
  annote = {. Retrieved on 26 Jan, 2024.},
  url        = {https://www.forbes.com/advisor/business-insurance/business-owners-policy/},
  publisher={Forbes}
}

@Misc{NAIC2023,
  author   = {NAIC},
  title    = {Business Interruption/Businessowner's Policies (BOP)},
  year     = {2023},
  annote   = {. Retrieved on 26 Jan, 2024.},
  url      = {https://content.naic.org/cipr-topics/business-interruptionbusinessowners-policies-bop},
  publisher= {National Association of Insurance Commissioners}
}

@Misc{NAIC2023RRG,
  author   = {{National~Association~of~Insurance~Commissioners}},
  title    = {Risk Retention Groups},
  year     = {2023},
  annote   = {. Retrieved on 27 Jan, 2024.},
  url      = {https://content.naic.org/cipr_topics/topic_risk_retention_groups.htm},
  publisher= {National Association of Insurance Commissioners}
}

@Misc{NAIC2023P2P,
  author   = {{National~Association~of~Insurance~Commissioners}},
  title    = {Peer-to-Peer (P2P) Insurance},
  year     = {2023},
  annote   = {. Retrieved on 29 Jan, 2024.},
  url      = {https://content.naic.org/cipr-topics/peer-peer-p2p-insurance},
  publisher= {National Association of Insurance Commissioners}
}

@Misc{NARR2023,
  author   = {{National~Association~of~Risk~Retention}},
  title    = {NARR},
  year     = {2023},
  annote   = {. Retrieved on 27 Jan, 2024.},
  url      = {https://www.riskretention.org/},
  publisher= {National Association of Risk Retention}
}

@Misc{III2023,
  author   = {{Insurance~Information~Institute}},
  title    = {Small Business Insurance Basics},
  year     = {2023},
  annote   = {. Retrieved on 26 Jan, 2024.},
  url      = {https://www.iii.org/publications/insurance-handbook/insurance-basics/small-business-insurance-basics},
  publisher= {Insurance Information Institute}
}

@Misc{III2023Finite,
  author   = {{Insurance~Information~Institute}},
  title    = {Finite Risk Reinsurance},
  year     = {2023},
  annote   = {. Retrieved on 27 Jan, 2024.},
  url      = {https://www.iii.org/article/finite-risk-reinsurance},
  publisher= {Insurance Information Institute}
}

@article{serpa2017strategic,
  title={The strategic role of business insurance},
  author={Serpa, Juan Camilo and Krishnan, Harish},
  journal={Management Science},
  volume={63},
  number={2},
  pages={384--404},
  year={2017},
  publisher={INFORMS}
}



@incollection{alexander2013markowitz,
  title={From Markowitz to modern risk management},
  author={Alexander, Gordon J},
  booktitle={Asset Management and International Capital Markets},
  pages={5--15},
  year={2013},
  publisher={Routledge}
}

@book{Fiacco1983,
editor = {Fiacco, Anthony V},
series = {Mathematics in Science and Engineering},
publisher = {Elsevier},
year = {1983},
title = {Introduction to Sensitivity and Stability Analysis in Nonlinear Programming}
}

@article{fiacco1976sensitivity,
  title={Sensitivity analysis for nonlinear programming using penalty methods},
  author={Fiacco, Anthony V},
  journal={Mathematical programming},
  volume={10},
  number={1},
  pages={287--311},
  year={1976},
  publisher={Springer}
}



@book{Frees2025,
  title={Constructing Insurable Risk Portfolios},
  author={Frees, Edward W},
  year={2025}
}

@article{schafer2005shrinkage,
  title={A shrinkage approach to large-scale covariance matrix estimation and implications for functional genomics},
  author={Sch{\"a}fer, Juliane and Strimmer, Korbinian},
  journal={Statistical applications in genetics and molecular biology},
  volume={4},
  number={1},
  year={2005},
  publisher={De Gruyter}
}


@article{candelon2012sampling,
  title={Sampling error and double shrinkage estimation of minimum variance portfolios},
  author={Candelon, Bertrand and Hurlin, Christophe and Tokpavi, Sessi},
  journal={Journal of Empirical Finance},
  volume={19},
  number={4},
  pages={511--527},
  year={2012},
  publisher={Elsevier}
}

@article{ledoit2003improved,
  title={Improved estimation of the covariance matrix of stock returns with an application to portfolio selection},
  author={Ledoit, Olivier and Wolf, Michael},
  journal={Journal of empirical finance},
  volume={10},
  number={5},
  pages={603--621},
  year={2003},
  publisher={Elsevier}
}



@article{chung2022effects,
  title={The effects of errors in means, variances, and correlations on the mean-variance framework},
  author={Chung, Munki and Lee, Yongjae and Kim, Jang Ho and Kim, Woo Chang and Fabozzi, Frank J},
  journal={Quantitative Finance},
  volume={22},
  number={10},
  pages={1893--1903},
  year={2022},
  doi = {https://doi.org/10.1080/14697688.2022.2083009},
  publisher={Taylor \& Francis}
}


@article{palczewski2014theoretical,
  title={Theoretical and empirical estimates of mean--variance portfolio sensitivity},
  author={Palczewski, Andrzej and Palczewski, Jan},
  journal={European Journal of Operational Research},
  volume={234},
  number={2},
  pages={402--410},
  year={2014},
  publisher={Elsevier}
}


@article{best1991sensitivity,
  title={On the sensitivity of mean-variance-efficient portfolios to changes in asset means: some analytical and computational results},
  author={Best, Michael J and Grauer, Robert R},
  journal={The Review of Financial Studies},
  volume={4},
  number={2},
  pages={315--342},
  year={1991},
  publisher={Oxford University Press}
}


@article{best1991sensitivityMS,
  title={Sensitivity analysis for mean-variance portfolio problems},
  author={Best, Michael J and Grauer, Robert R},
  journal={Management science},
  volume={37},
  number={8},
  pages={980--989},
  year={1991},
  doi = {https://doi.org/10.1287/mnsc.37.8.980},
  publisher={INFORMS}
}


@article{albrecht2017fundamental,
  title={The fundamental theorem of mutual insurance},
  author={Albrecht, Peter and Huggenberger, Markus},
  journal={Insurance: Mathematics and Economics},
  volume={75},
  pages={180--188},
  year={2017},
  publisher={Elsevier}
}


@article{xiao2015black,
  title={A Black--Litterman asset allocation model under elliptical distributions},
  author={Xiao, Yugu and Valdez, Emiliano A},
  journal={Quantitative Finance},
  volume={15},
  number={3},
  pages={509--519},
  year={2015},
  publisher={Taylor \& Francis}
}

@article{wang2021axiomatic,
  title={An axiomatic foundation for the Expected Shortfall},
  author={Wang, Ruodu and Zitikis, Ri{\v{c}}ardas},
  journal={Management Science},
  volume={67},
  number={3},
  pages={1413--1429},
  year={2021},
  url = {https://pubsonline.informs.org/doi/pdf/10.1287/mnsc.2020.3617},
  publisher={INFORMS}
}



@book{BCBS2019,
  title={Minimum capital requirements for market risk: February 2019},
  author={Basel Committee on Banking Supervision},
  year={2019},
  publisher={Bank for International Settlements, Basel, Switzerland},
  url = {https://www.bis.org/bcbs/publ/d457.pdf}
}


@book{BCBS2016,
  title={Minimum capital requirements for market risk},
  author={Basel Committee on Banking Supervision},
  year={2016},
  publisher={Bank for International Settlements, Basel, Switzerland},
  url = {https://www.bis.org/bcbs/publ/d352.pdf}
}

@article{michaud1989markowitz,
  title={The Markowitz optimization enigma: Is 'optimized'optimal?},
  author={Michaud, Richard O},
  journal={Financial analysts journal},
  volume={45},
  number={1},
  pages={31--42},
  year={1989},
  publisher={Taylor \& Francis}
}

@book{bartram2020artificial,
  title={Artificial intelligence in asset management},
  author={Bartram, S{\"o}hnke M and Branke, J{\"u}rgen and Motahari, Mehrshad},
  year={2020},
  publisher={CFA Institute Research Foundation},
  url = {https://www.cfainstitute.org/-/media/documents/book/rf-lit-review/2020/rflr-artificial-intelligence-in-asset-management.pdf}
}


@article{frees1990stochastic,
  title={Stochastic life contingencies with solvency considerations},
  author={Frees, Edward W},
  year={1990},
  volume={42},
  pages={91--148},
  journal={Transactions of the Society of Actuaries},
  publisher={Society of Actuaries},
  url = {https://www.soa.org/globalassets/assets/library/research/transactions-of-society-of-actuaries/1990-95/1990/january/tsa90v427.pdf}
}


@article{cummins2021costs,
  title={The costs and benefits of reinsurance},
  author={Cummins, J David and Dionne, Georges and Gagn{\'e}, Robert and Nouira, Abdelhakim},
  journal={The Geneva Papers on Risk and Insurance-Issues and Practice},
  volume={46},
  pages={177--199},
  year={2021},
  publisher={Springer},
  url = {https://doi.org/10.1057/s41288-021-00216-8}
}


@article{cai2022multivariate,
  title={A multivariate CVaR risk measure from the perspective of portfolio risk management},
  author={Cai, Jun and Jia, Huameng and Mao, Tiantian},
  journal={Scandinavian Actuarial Journal},
  volume={2022},
  number={3},
  pages={189--215},
  year={2022},
  publisher={Taylor \& Francis},
  url = {https://doi.org/10.1080/03461238.2021.1944905}
}

@article{asimit2018optimal,
  title={Optimal risk transfer: a numerical optimization approach},
  author={Asimit, Alexandru V and Gao, Tao and Hu, Junlei and Kim, Eun-Seok},
  journal={North American Actuarial Journal},
  volume={22},
  number={3},
  pages={341--364},
  year={2018},
  publisher={Taylor \& Francis},
  url = {https://doi.org/10.1080/10920277.2017.1421472}
}

@article{rockafellar2000optimization,
  title={Optimization of conditional value-at-risk},
  author={Rockafellar, R Tyrrell and Uryasev, Stanislav},
  journal={Journal of Risk},
  volume={2},
  pages={21--42},
  year={2000},
  publisher={Citeseer}
}


@article{rockafellar2002conditional,
  title={Conditional value-at-risk for general loss distributions},
  author={Rockafellar, R Tyrrell and Uryasev, Stanislav},
  journal={Journal of Banking \& Finance},
  volume={26},
  number={7},
  pages={1443--1471},
  year={2002},
  publisher={Elsevier},
  url = {https://doi.org/10.1016/S0378-4266(02)00271-6}
}




@article{de2016building,
  title={Building diversified portfolios that outperform out of sample},
  author={De Prado, Marcos Lopez},
  journal={The Journal of Portfolio Management},
  volume={42},
  number={4},
  pages={59--69},
  year={2016},
  publisher={Institutional Investor Journals Umbrella}
}

@article{chopra2013effect,
  title={The effect of errors in means, variances, and covariances on optimal portfolio choice},
  author={Chopra, Vijay K and Ziemba, William T},
  journal={Journal of Portfolio Management;},
  pages={6-11},
  volume={19},
  number={2},
  year={1993}
}


@article{he2002intuition,
  title={The intuition behind Black-Litterman model portfolios},
  author={He, Guangliang and Litterman, Robert},
  journal={SSRN},
  url = {https://ssrn.com/abstract=334304},
  year={2002}
}



@article{beketov2018robo,
  title={Robo Advisors: quantitative methods inside the robots},
  author={Beketov, Mikhail and Lehmann, Kevin and Wittke, Manuel},
  journal={Journal of Asset Management},
  volume={19},
  number={6},
  pages={363--370},
  year={2018},
  publisher={Springer}
}

@InProceedings{chalabi2015portfolio,
  title={Portfolio allocation},
  author={Chalabi, Yohan and W{\"u}rtz, Diethelm},
  booktitle={Computational Actuarial Science with R},
  editor = {Charpentier, Arthur},
  pages={447--470},
  year={2015},
  publisher={CRC Press Taylor \& Francis Group}
}


@Article{lee2023,
  Title                    = {Multivariate insurance portfolio risk retention using the method of multipliers},
  Author                   = {Lee, Gee Yul},
  Journal                  = {North American Actuarial Journal},
  Year                     = {2023},
  Publisher                = {Taylor \& Francis},
  url = {https://doi.org/10.1080/10920277.2022.2161578},
  Note = {[Retrieved on January 1, 2023]}
}

@book{lee2017,
  title={Multivariate insurance loss models with applications in risk retention},
  author={Lee, Gee Yul},
  publisher={University of Wisconsin-Madison},
  url = {https://na02.alma.exlibrisgroup.com/view/uresolver/01UWI_MAD/openurl?u.ignore_date_coverage=true&portfolio_pid=53842654580002122&Force_direct=true&rfr_id=info:sid/primo.exlibrisgroup.com},
  Note = {[Retrieved on January 1, 2023]},
  year={2017}
}


@article{rosset2007piecewise,
  title={Piecewise linear regularized solution paths},
  author={Rosset, Saharon and Zhu, Ji},
  journal={The Annals of Statistics},
  pages={1012--1030},
  year={2007},
  publisher={JSTOR}
}


@book{levy2013sampling,
  title={Sampling of Populations: Methods and Applications},
  author={Levy, Paul S and Lemeshow, Stanley},
  year={2013},
  publisher={John Wiley \& Sons}
}


@book{hastie2009elements,
  title={The Elements of Statistical Learning: Data Mining, Inference, and Prediction},
  author={Hastie, Trevor and Tibshirani, Robert and Friedman, Jerome H},
  volume={2},
  year={2009},
  publisher={Springer}
}



@book{mildenhall2022,
  title={Pricing Insurance Risk: Theory and Practice},
  author={Mildenhall, Stephen A and Major, John},
  year={2022},
  publisher={John Wiley \& Sons}
}


@article{frees2020predictive,
  title={Predictive analytics and medical malpractice},
  author={Frees, Edward W and Gao, Lisa},
  journal={North American Actuarial Journal},
  volume={24},
  number={2},
  pages={211--227},
  doi       = {10.1080/10920277.2019.1634597},
  year={2020},
  publisher={Taylor \& Francis}
}

@misc{morningstarRobo2022,
  author={{Morningstar Report}},
  title        = {2022 Robo-Advisor Landscape},
  journal      = {Morningstar},
  year         = {2022},
  annote       = {. Retrieved on 28 September, 2022.},
  url          = {https://www.morningstar.com/lp/robo-advisor-landscape},
}


@article{d2019promises,
  title={The promises and pitfalls of robo-advising},
  author={D'Acunto, Francesco and Prabhala, Nagpurnanand and Rossi, Alberto G},
  journal={The Review of Financial Studies},
  volume={32},
  number={5},
  pages={1983--2020},
  year={2019},
  publisher={Oxford University Press}
}



@incollection{cortis2019insurtech,
  title={InsurTech},
  author={Cortis, Dominic and Debattista, Jeremy and Debono, Johann and Farrell, Mark},
  booktitle={Disrupting Finance},
  pages={71--84},
  year={2019},
  publisher={Palgrave Pivot, Cham}
}

@article{benamraoui2020fintech,
  title={FinTech Innovations: A review of the recent developments and prospects},
  author={Benamraoui, A and Aljandali, A},
  journal={Bancaria},
  volume={12},
  pages={85--95},
  year={2020},
  publisher={Italian Banking Association}
}

@article{grealish2021robo,
  title={Robo-Advisory: From Investing Principles and Algorithms to Future Developments},
  author={Grealish, Adam and Kolm, Petter N},
  year={2021},
  publisher={Grealish, Adam and Petter N. Kolm," Robo-Advisory: From Investing Principles~.}
}

@article{kalayci2019comprehensive,
  title={A comprehensive review of deterministic models and applications for mean-variance portfolio optimization},
  author={Kalayci, Can B and Ertenlice, Okkes and Akbay, Mehmet Anil},
  journal={Expert Systems with Applications},
  volume={125},
  pages={345--368},
  year={2019},
  publisher={Elsevier}
}

@article{zhang2018portfolio,
  title={Portfolio selection problems with Markowitz's mean--variance framework: a review of literature},
  author={Zhang, Yuanyuan and Li, Xiang and Guo, Sini},
  journal={Fuzzy Optimization and Decision Making},
  volume={17},
  pages={125--158},
  year={2018},
  publisher={Springer}
}

@article{ghahtarani2022robust,
  title={Robust portfolio selection problems: a comprehensive review},
  author={Ghahtarani, Alireza and Saif, Ahmed and Ghasemi, Alireza},
  journal={Operational Research},
  pages={1--62},
  year={2022},
  publisher={Springer}
}

@article{bertsimas2009constructing,
  title={Constructing uncertainty sets for robust linear optimization},
  author={Bertsimas, Dimitris and Brown, David B},
  journal={Operations research},
  volume={57},
  number={6},
  pages={1483--1495},
  year={2009},
  publisher={INFORMS}
}

@article{natarajan2009constructing,
  title={Constructing risk measures from uncertainty sets},
  author={Natarajan, Karthik and Pachamanova, Dessislava and Sim, Melvyn},
  journal={Operations research},
  volume={57},
  number={5},
  pages={1129--1141},
  year={2009},
  publisher={INFORMS}
}


@article{blanchet2019robust,
  title={Robust actuarial risk analysis},
  author={Blanchet, Jose and Lam, Henry and Tang, Qihe and Yuan, Zhongyi},
  journal={North American Actuarial Journal},
  volume={23},
  number={1},
  pages={33--63},
  year={2019},
  publisher={Taylor \& Francis}
}


@article{yin2021practical,
  title={A practical guide to robust portfolio optimization},
  author={Yin, Chenyang and Perchet, Romain and Soup{\'e}, Fran{\c{c}}ois},
  journal={Quantitative Finance},
  volume={21},
  number={6},
  pages={911--928},
  year={2021},
  publisher={Taylor \& Francis}
}


@article{frees2010dependent,
  title={Dependent multi-peril ratemaking models},
  author={Frees, Edward W and Meyers, Glenn and Cummings, A David},
  journal={ASTIN Bulletin: The Journal of the IAA},
  volume={40},
  number={2},
  pages={699--726},
  year={2010},
  publisher={Cambridge University Press}
}


@article{Dong2022,
  title={Deductible costs for bundled insurance contracts},
  author={Dong, Yumo and Frees, Edward W and Huang, Fei},
  journal={Available at https://ssrn.com/abstract=4020299},
  year={2022}
}


@article{FreesLee2015,
  title={Rating endorsements using generalized linear models},
  author={Frees, Edward W and Lee, Gee},
  journal={Variance},
  volume={10},
  number={1},
  pages={51--74},
  year={2015},
  url = {https://www.casact.org/sites/default/files/2021-07/Rating-Endorsements-Frees-Lee.pdf}
}


@Misc{ANUAnnReport2020,
  author={ANU},
  title        = {ANU Annual Report 2020},
  year         = {2020},
  annote       = {. Retrieved on 15 May, 2022.},
  url          = {https://www.anu.edu.au/files/review/2020%20annual%20report.pdf},
}

@Misc{ANURiskPol2022,
  author={ANU},
  title        = {ANU Risk Management Policy Statement},
  year         = {2022},
  annote       = {. Retrieved on 15 May, 2022.},
  url          = {https://policies.anu.edu.au/ppl/document/ANUP_000462},
}

@Misc{ANUInsPol2022,
  author={ANU},
  title        = {ANU Insurance Policy Statement},
  year         = {2022},
  annote       = {. Retrieved on 15 May, 2022.},
  url          = {https://policies.anu.edu.au/ppl/document/ANUP_000422},
}


@Misc{ANUSIR2018,
  author={ANU},
  title        = {ANU Self-Insurance Reserve Guidelines},
  year         = {2018},
  annote       = {. Retrieved on 15 May, 2022.},
  url          = {https://services.anu.edu.au/files/guidance/SIR%20Policy%202018_2019.pdf}
}


@Misc{Investopedia2022MedMal,
  title        = {Malpractice Insurance},
  author       = {Kagan, Julia},
  year         = {2022},
  annote       = {. Retrieved on 15 May, 2022.},
  url          = {https://www.investopedia.com/terms/m/malpractice-insurance.asp}
}


@Misc{Investopedia2022,
  title        = {Statutory Liability},
  author       = {Kagan, Julia},
  year         = {2022},
  annote       = {. Retrieved on 15 May, 2022.},
  url          = {https://www.investopedia.com/terms/s/statutory-liability.asp}
}


@Misc{IRMIGlossary,
  title        = {International Risk Management Institute Glossary},
  year         = {2022},
  annote       = {. Retrieved on 15 May, 2022.},
  url          = {https://www.irmi.com/glossary},
}

@article{ANUNews2018,
  author={ANU},
  title        = {Updates about the flooding on ANU campus},
  journal      = {ANU Newsroom},
  year         = {2018},
  date         = {2018-03-13},
  annote       = {. Retrieved on 15 May, 2022.},
  url          = {https://www.anu.edu.au/news/all-news/updates-about-the-flooding-on-anu-campus}
}

@article{ANUNews2019,
  author={ANU},
  title        = {ANU releases detailed account of data breach},
  journal      = {ANU Newsroom},
  year         = {2019},
  date         = {2019-10-02},
  annote       = {. Retrieved on 15 May, 2022.},
  url          = {https://www.anu.edu.au/news/all-news/anu-releases-detailed-account-of-data-breach},
}



@article{abcnet11882472,
  author={ABC Net},
  title        = {Hail storm sweeps through Canberra, damaging countless cars and smashing windows},
  journal      = {ABC Net},
  year         = {2020},
  date         = {2020-01-20},
  annote       = {. Retrieved on 15 May, 2022.},
  url          = {https://www.abc.net.au/news/2020-01-20/11882472},
}

@article{puccetti2015extremal,
  title={Extremal dependence concepts},
  author={Puccetti, Giovanni and Wang, Ruodu},
  journal={Statistical Science},
  volume={30},
  number={4},
  pages={485--517},
  year={2015},
  publisher={Institute of Mathematical Statistics}
}

@article{frees2022ANURisks,
  title={ANU Insurable Risks},
  author={Frees, Edward W and Butt, Adam},
  publisher   ={Australian National University Open Research Library},
  annote      = {. Retrieved on 30 August, 2022.},
  url         = {https://doi.org/10.25911/0SE7-N746},
  year        ={2022}
}




@book{OECD22,
   author = "OECD",
   title = "OECD Insurance Statistics 2021",
   year = "2022",
   pages = 182,
   url = "https://www.oecd-ilibrary.org/content/publication/841fa619-en",
   doi = "https://doi.org/https://doi.org/10.1787/841fa619-en"
}


@article{denuit2020conditional,
  title={Conditional tail expectation decomposition and conditional mean risk sharing for dependent and conditionally independent risks},
  author={Denuit, Michel and Robert, Christian Y},
  journal={Available online at the address https://dial. uclouvain. be},
  year={2020}
}

@article{denuit2021conditional,
  title={Conditional mean risk sharing in the individual model with graphical dependencies},
  author={Denuit, Michel and Robert, Christian Y},
  journal={Annals of Actuarial Science},
  pages={1--27},
  year={2021},
  publisher={Cambridge University Press}
}

@techreport{denuit2021ordering,
  title={Ordering expectations conditional on a sum, with application to insurance risk pooling},
  author={Denuit, Michel and Robert, Christian Y},
  year={2021}
}




@article{denuit2020investing,
  title={Investing in your own and peers' risks: The simple analytics of P2P insurance},
  author={Denuit, Michel},
  journal={European Actuarial Journal},
  volume={10},
  pages={335--359},
  year={2020},
  publisher={Springer}
}

@article{denuit2020risk,
  title={From risk sharing to risk transfer: The analytics of collaborative insurance},
  author={Denuit, Michel and Robert, Christian Y},
  journal={Submitted for publication},
  year={2020}
}


@book{hardle1990applied,
  title={Applied Nonparametric Regression},
  author={H{\"a}rdle, Wolfgang},
  number={19},
  year={1990},
  publisher={Cambridge University Press}
}


@article{feng2020peer,
  title={Peer-to-peer risk sharing with an application to flood risk pooling},
  author={Feng, Runhuan and Liu, Chongda and Taylor, Stephen Michael},
  journal={Available at https://ssrn.com/abstract=3754565},
  year={2020}
}

@article{feng2023peer,
  title={Peer-to-peer risk sharing with an application to flood risk pooling},
  author={Feng, Runhuan and Liu, Chongda and Taylor, Stephen},
  journal={Annals of Operations Research},
  volume = {321},
  pages={813–842},
  year={2023},
  publisher={Springer},
  url = {https://doi.org/10.1007/s10479-022-04841-x}
}

@article{abdikerimova2019peer,
  title={Peer-to-Peer multi-risk insurance and mutual aid},
  author={Abdikerimova, Samal and Feng, Runhuan},
  journal={Available at https://ssrn.com/abstract=3505646},
  year={2019}
}

@article{abdikerimova2022peer,
  title={Peer-to-peer multi-risk insurance and mutual aid},
  author={Abdikerimova, Samal and Feng, Runhuan},
  journal={European Journal of Operational Research},
  volume={299},
  number={2},
  pages={735--749},
  year={2022},
  url = {https://doi.org/10.1016/j.ejor.2021.09.017},
  publisher={Elsevier}
}


@article{denuit2019size,
  title={Size-biased transform and conditional mean risk sharing, with application to P2P insurance and tontines},
  author={Denuit, Michel},
  journal={ASTIN Bulletin: The Journal of the IAA},
  volume={49},
  number={3},
  pages={591--617},
  year={2019},
  publisher={Cambridge University Press}
}

@article{denuit2012convex,
  title={Convex order and comonotonic conditional mean risk sharing},
  author={Denuit, Michel and Dhaene, Jan},
  journal={Insurance: Mathematics and Economics},
  volume={51},
  number={2},
  pages={265--270},
  year={2012},
  publisher={Elsevier}
}

@article{denuit2022risk,
  title={Risk-sharing rules and their properties, with applications to peer-to-peer insurance},
  author={Denuit, Michel and Dhaene, Jan and Robert, Christian Y},
  journal={Journal of Risk and Insurance},
  volume={89},
  number={3},
  pages={615--667},
  year={2022},
  publisher={Wiley Online Library}
}

@article{denuit2021risk,
  title={From risk sharing to pure premium for a large number of heterogeneous losses},
  author={Denuit, Michel and Robert, Christian Y},
  journal={Insurance: Mathematics and Economics},
  volume={96},
  pages={116--126},
  year={2021},
  publisher={Elsevier}
}


@article{denuit2021riskB,
  title={Risk sharing under the dominant peer-to-peer property and casualty insurance business models},
  author={Denuit, Michel and Robert, Christian Y},
  journal={Risk Management and Insurance Review},
  year={2021},
  volume={24},
  number={2},
  pages={181--205},  
  url = {https://doi.org/10.1111/rmir.12180},
  publisher={Wiley Online Library}
}


@book{borch1968economics,
  title={The Economics of Uncertainty},
  author={Borch, Karl Hendrik},
  year={1968},
  publisher={Princeton University Press}
}


@incollection{lemaire1991borch,
  title={Borch's theorem: A historical survey of applications},
  author={Lemaire, Jean},
  booktitle={Risk, Information and Insurance},
  pages={15--37},
  year={1991},
  publisher={Springer},
  url = {https://doi.org/10.1007/978-94-009-2183-2_2}
}

@article{taylor1992riskI,
  title={Risk exchange I: A unification of some existing results},
  author={Taylor, Greg},
  journal={Scandinavian Actuarial Journal},
  volume={1992},
  number={1},
  pages={15--39},
  year={1992},
  publisher={Taylor \& Francis}
}

@article{taylor1992riskII,
  title={Risk exchange II: Optimal reinsurance contracts},
  author={Taylor, Greg},
  journal={Scandinavian Actuarial Journal},
  volume={1992},
  number={1},
  pages={40--59},
  year={1992},
  publisher={Taylor \& Francis}
}

@article{gerber1998utility,
  title={Utility functions: from risk theory to finance},
  author={Gerber, Hans and Pafumi, G{\'e}rard},
  journal={North American Actuarial Journal},
  volume={2},
  number={3},
  pages={74--91},
  year={1998},
  publisher={Taylor \& Francis},
  url = {https://doi.org/10.1080/10920277.1998.10595728}
}

@article{pressacco2011mean,
  title={Mean variance efficient strategies in proportional reinsurance under group correlation in a gaussian framework},
  author={Pressacco, Flavio and Serafini, Paolo and Ziani, Laura},
  journal={European Actuarial Journal},
  volume={1},
  number={2},
  pages={433 454},
  year={2011},
  publisher={Springer}
}

@article{glineur2006finetti,
  title={de Finetti's retention problem for proportional reinsurance revisited},
  author={Glineur, Fran{\c{c}}ois and Walhin, Jean-Fran{\c{c}}ois},
  journal={Bl{\"a}tter der DGVFM},
  volume={27},
  number={3},
  pages={451 462},
  year={2006},
  publisher={Springer}
}

@article{buhlmann1979optimal,
  title={Optimal risk exchanges},
  author={B{\"u}hlmann, Hans and Jewell, William S},
  journal={ASTIN Bulletin: The Journal of the IAA},
  volume={10},
  number={3},
  pages={243--262},
  year={1979},
  publisher={Cambridge University Press}
}

@techreport{buhlmann1978unicity,
  title={Unicity of Fair Pareto Optimal Risk Exchanges},
  author={B{\"u}hlmann, Hans and Jewell, William S},
  year={1978},
  institution={CALIFORNIA UNIV BERKELEY OPERATIONS RESEARCH CENTER}
}

@article{belles2014beyond,
  title={Beyond value-at-risk: GlueVaR distortion risk measures},
  author={Belles-Sampera, Jaume and Guill{\'e}n, Montserrat and Santolino, Miguel},
  journal={Risk Analysis},
  volume={34},
  number={1},
  pages={121--134},
  year={2014},
  publisher={Wiley Online Library},
  url = {https://doi.org/10.1111/risa.12080}
}


@article{sklar1959fonctions,
  title={Fonctions de repartition a N dimensions et leurs marges},
  author={Sklar, M},
  journal={Publ. inst. statist. univ. Paris},
  volume={8},
  pages={229--231},
  year={1959}
}

@article{frank1979simultaneous,
  title={On the simultaneous associativity of F(x, y) and x+y-F(x, y)},
  author={Frank, Maurice J},
  journal={Aequationes Mathematicae},
  volume={19},
  number={1},
  pages={194--226},
  year={1979},
  publisher={Springer},
  url = {http://eudml.org/doc/136825}
}


@book{seal1969stochastic,
  title={Stochastic Theory of a Risk Business},
  author={Seal, Hilary L},
  publisher={Wiley},
  year={1969}
}

@book{panjer1998financial,
  title={Financial Economics: With Applications to Investments, Insurance, and Pensions},
  author={Panjer, Harry H and Boyle, Phelim P and Cox, Samuel H and Dufresne, D and Gerber, HU and Mueller, HH and Pedersen, HW and Pliska, SR and Sherris, M and Shiu, E and others},
  year={1998},
  publisher={Actuarial Foundation Schaumburg, Ill.}
}

@book{ingersoll1987theory,
  title={Theory of Financial Decision Making},
  author={Ingersoll, Jonathan E},
  volume={3},
  year={1987},
  publisher={Rowman \& Littlefield}
}


@article{verlaak2003optimal,
  title={Optimal reinsurance programs: an optimal combination of several reinsurance protections on a heterogeneous insurance portfolio},
  author={Verlaak, Robert and Beirlant, Jan},
  journal={Insurance: Mathematics and Economics},
  volume={33},
  number={2},
  pages={381--403},
  year={2003},
  publisher={Elsevier},
  url = {https://doi.org/10.1016/j.insmatheco.2003.08.002}
}

@article{vajda1962minimum,
  title={Minimum variance reinsurance},
  author={Vajda, Stefan},
  journal={ASTIN Bulletin: The Journal of the IAA},
  volume={2},
  number={2},
  pages={257--260},
  year={1962},
  publisher={Cambridge University Press},
  url = {https://doi.org/10.1017/S0515036100009995}
}

@book{daykin1994practical,
  title={Practical Risk Theory for Actuaries},
  author={Daykin, Chris D and Pentik{\"a}inen, Teivo and Pesonen, Martti},
  year={1994},
  publisher={CRC Press}
}

@book{beard1984risk,
  title={Risk Theory: The Stochastic Basis of Insurance, Third Edition},
  author={Beard, Robert and Pentik{\"a}inen, Teivo and Pesonen, Erkki},
  year={1984},
  publisher={Chapman and Hall}
}


@book{buhlmann1970mathematical,
  title={Mathematical Methods in Risk Theory},
  author={B{\"u}hlmann, Hans},
  volume={172},
  year={1970},
  publisher={Springer}
}


@book{simon1994mathematics,
  title={Mathematics for Economists},
  author={Simon, Carl P and Blume, Lawrence},
  year={1994},
  publisher={W.W. Norton and Company, New York}
}

@book{nocedal2006numerical,
  title={Numerical Optimization},
  author={Nocedal, Jorge and Wright, Stephen},
  year={2006},
  publisher={Springer Science \& Business Media}
}

@article{osborne2021mathematical,
  title={Mathematical methods for economic theory: a tutorial},
  author={Osborne, Martin J},
  journal={University of Toronto, Toronto},
  annote  = {. Retrieved on 13 January 2021.},
  url ={https://mjo.osborne.economics.utoronto.ca/index.php/tutorial/index/1/toc},
  year={2021}
}


@book{boyd2004convex,
  title={Convex Optimization},
  author={Boyd, Stephen P and Vandenberghe, Lieven},
  year={2004},
  publisher={Cambridge University Press}
}

@misc{Vermont2020captive,
  title={Captive basics},
  author={{State~of~Vermont}},
  year={2020},
  annote  = {. Retrieved on Octber 15, 2020.},
  url ={https://www.vermontcaptive.com/captive/},
  publisher={Vermont Captive Insurance}
}


@misc{NAIC2020captive,
  title={Captive Insurance companies},
  author={NAIC},
  year={2020},
  annote  = {. Retrieved on Octber 15, 2020.},
  url ={https://content.naic.org/cipr_topics/topic_captive_insurance_companies.htm},
  publisher={National Association of Insurance Commissioners (NAIC)}
}


@Book{LDA2020,
  title={Loss Data Analytics},
  author={{Actuarial~Community}},
  year={2020},
  annote  = {. Retrieved on October 15, 2020.},
  url ={https://openacttexts.github.io/Loss-Data-Analytics/index.html}
}

@article{markowitz1952utility,
  title={The utility of wealth},
  author={Markowitz, Harry},
  journal={Journal of Political Economy},
  volume={60},
  number={2},
  pages={151--158},
  year={1952},
  publisher={The University of Chicago Press}
}

@book{huebner1996property,
  title={Property and Liability Insurance},
  author={Huebner, Solomon S and Black, Kenneth and Huebner, SS},
  year={1996},
  publisher={Prentice Hall}
}

@misc{OECD2020global,
  title={Insurance Statistics Yearbook},
  author={OECD},
  journal={Paris},
  year={2020},
  annote  = {. Retrieved on September 15, 2020.},
  url ={https://stats.oecd.org/Index.aspx?DatasetCode=INSIND},
  publisher={Organization for Economic Co-operation and Development (OECD)}
}

@book{kwon2007risk,
  title={Risk Management and Insurance: Perspectives in a Global Economy},
  author={Skipper, Harold D. and Kwon, W. Jean},
  year={2007},
  publisher={Blackwell}
}

@article{brockett1986insurance,
  title={Insurance versus self-insurance: A risk management perspective},
  author={Brockett, Patrick L and Cox, Samuel H Jr and Witt, Robert C},
  journal={Journal of Risk and Insurance},
  pages={242--257},
  year={1986},
  publisher={JSTOR}
}

@book{harrington1999risk,
  title={Risk Management and Insurance},
  author={Harrington, Scott E and Niehaus, Greg},
  year={1999},
  publisher={McGraw-Hill/Irwin}
}

@article{chang2011characteristics,
  title={Characteristics of US Self-Insurers for Workers' Compensation Losses.},
  author={Chang, Mu-Sheng and Weiss, Mary A},
  journal={Journal of Insurance Regulation},
  volume={30},
  year={2011}
}


@Book{williams1995michael,
  author={Willams, C Arthur and  Smith, Michael L. and Young, Peter C.},
  title={Risk Management and Insurance, Seventh Edition},
  year={1995},
  publisher={McGraw-Hill}
}

@misc{Aon2019global,
  title={Global Risk Management Survey},
  author={{Aon~Risk~Solutions}},
  journal={London, England},
  year={2019},
  annote  = {. Retrieved on May 27, 2020.},
  url ={https://www.aon.com/2019-top-global-risks-management-economics-geopolitics-brand-damage-insights/index.html},
  publisher={Aon Risk Solutions}
}

@misc{EY2019global,
  title={Tenth Annual EY/IIF Global Bank Risk Management Survey},
  author={EY},
  year={2019},
  annote  = {. Retrieved on May 27, 2020.},
  url ={https://www.ey.com/Publication/vwLUAssets/ey-global-risk-survey-2019/$FILE/ey-global-risk-survey-2019.pdf},
  publisher={EY}
}


@misc{Deloitte2019global,
  title={Global Risk Management Survey, 11th edition},
  author={Insights, Deloitte},
  journal={London, England},
  year={2019},
  annote  = {. Retrieved on May 27, 2020.},
  url ={https://www2.deloitte.com/content/dam/Deloitte/co/Documents/risk/DI_global-risk-management-survey.pdf},
  publisher={Deloitte Insights}
}



@article{lo2017unifying,
  title={A unifying approach to risk-measure-based optimal reinsurance problems with practical constraints},
  author={Lo, Ambrose},
  journal={Scandinavian Actuarial Journal},
  volume={2017},
  number={7},
  pages={584--605},
  year={2017},
  publisher={Taylor \& Francis},
  url = {https://doi.org/10.1080/03461238.2016.1193558}
}

@article{cheung2019budget,
  title={Budget-constrained optimal reinsurance design under coherent risk measures},
  author={Cheung, Ka Chun and Chong, Wing Fung and Lo, Ambrose},
  journal={Scandinavian Actuarial Journal},
  volume={2019},
  number={9},
  pages={729--751},
  year={2019},
  publisher={Taylor \& Francis},
  url = {https://doi.org/10.1080/03461238.2019.1598891}
}

@article{cai2020optimal,
  title={Optimal reinsurance designs based on risk measures: a review},
  author={Cai, Jun and Chi, Yichun},
  journal={Statistical Theory and Related Fields},
  pages={1--13},
  year={2020},
  publisher={Taylor \& Francis},
  url = {https://doi.org/10.1080/24754269.2020.1758500}
}

@article{pesonen1984optimal,
  title={Optimal reinsurances},
  author={Pesonen, Martti I},
  journal={Scandinavian actuarial journal},
  volume={1984},
  number={2},
  pages={65--90},
  year={1984},
  publisher={Taylor \& Francis},
  url = {https://doi.org/10.1080/03461238.1984.10413754}
}

@article{borch1962equilibrium,
  title={Equilibrium in a reinsurance market},
  author={Borch, Karl H},
  journal={Econometrica: Journal of the Econometric Society},
  pages={424--444},
  year={1962},
  publisher={JSTOR}
}

@article{borch1974mathematical,
  title={The Mathematical Theory of Insurance: an annotated selections of papers on insurance published, 1960-1972},
  author={Borch, Karl H},
  publisher={Lexington Books, D.C. Heath and Company, Lexington, Mass.},
  year={1974}
}

@book{gerber1979introduction,
  title={An introduction to Mathematical Risk Theory},
  author={Gerber, Hans U},
  publisher={S.S. Huebner Foundation for Insurance Education},
  year={1979}
}


@article{de1940problema,
  title={Il problema dei pieni},
  author={De Finetti, Bruno},
  pages={1--88},
    volume={11},
  year={1940},
  journal={Giorn. Ist. Ital. Attuari},
    publisher={Istituto Italiano Degli Attuari}
}


@article{cummins2004demand,
  title={The demand for insurance with an upper limit on coverage},
  author={Cummins, J. David and Mahul, Olivier},
  journal={Journal of Risk and Insurance},
  volume={71},
  number={2},
  pages={253--264},
  year={2004},
  publisher={Wiley Online Library},
  url = {https://doi.org/10.1111/j.0022-4367.2004.00088.x}
}

@book{albrecher2017reinsurance,
  title={Reinsurance: Actuarial and Statistical Aspects},
  author={Albrecher, Hansj{\"o}rg and Beirlant, Jan and Teugels, Jozef L},
  year={2017},
  publisher={John Wiley \& Sons}
}

@article{embrechts2018quantile,
  title={Quantile-based risk sharing},
  author={Embrechts, Paul and Liu, Haiyan and Wang, Ruodu},
  journal={Operations Research},
  volume={66},
  number={4},
  pages={936--949},
  year={2018},
  publisher={INFORMS},
  url = {https://doi.org/10.1287/opre.2017.1716}
}

@misc{re2013essential,
  title={The essential guide to reinsurance},
  author={Swiss.Re},
  journal={Zurich, Switzerland},
  url = {https://www.swissre.com/Library/the-essential-guide-to-reinsurance.html},
  Note = {[Retrieved on June 10, 2020]},
  year={2013}
}

@article{de2009optimal,
  title={Optimal reinsurance},
  author={de Lourdes Centeno, Maria and Sim{\~o}es, Onofre},
  journal={RACSAM-Revista de la Real Academia de Ciencias Exactas, Fisicas y Naturales. Serie A. Matematicas},
  volume={103},
  number={2},
  pages={387--404},
  year={2009},
  publisher={Springer},
  url = {https://rac.es/ficheros/doc/00787.pdf}
}

@InCollection{Schlesinger2013,
  Title                    = {The theory of insurance demand},
  Author                   = {Schlesinger, Harris},
  Booktitle                = {Handbook of Insurance},
  Publisher                = {Springer New York},
  Year                     = {2013},
  Pages                    = {167--184},
  url = {https://doi.org/10.1007/978-1-4614-0155-1_7}
}

@article{powers2013insurance,
  title={Insurance risk, risk measures, and capital allocation: navigating a Copernican shift},
  author={Powers, Michael R. and Zanjani, George},
  journal={Annual Review of Financial Economics},
  volume={5},
  number={1},
  pages={201--223},
  year={2013},
  publisher={Annual Reviews}
}

@book{embrechts2005quantitative,
  Title                    = {Quantitative Risk Management},
  Author                   = {Embrechts, Paul and Frey, R\"{u}diger and McNeil, Alexander},
  Publisher                = {Princeton Series in Finance, Princeton},
  Year                     = {2005}
}

@Book{gray2012risk,
  Title                    = {Risk Modelling in General Insurance: From Principles to Practice},
  Author                   = {Gray, Roger J. and Pitts, Susan M.},
  Publisher                = {Cambridge University Press},
  Year                     = {2012}
}

@incollection{bernard2013risk,
  title={Risk sharing and pricing in the reinsurance market},
  author={Bernard, Carole},
  booktitle={Handbook of Insurance},
  pages={603--626},
  year={2013},
  Editor= {Dionne, Georges},
  publisher={Springer},
  url = {https://doi.org/10.1007/978-1-4614-0155-1_21}
}


@incollection{gollier2013economics,
  title={The economics of optimal insurance design},
  author={Gollier, Christian},
  booktitle={Handbook of Insurance},
  pages={107--122},
  year={2013},
  Editor= {Dionne, Georges},
  publisher={Springer},
  url = {https://doi.org/10.1007/978-1-4614-0155-1_4}
}

@incollection{embrechts2013risk,
  title={Risk measures and dependence modeling},
  author={Embrechts, Paul and Hofert, Marius},
  booktitle={Handbook of Insurance},
  pages={135--165},
  Editor= {Dionne, Georges},
  year={2013},
  publisher={Springer}
}

@incollection{young2004premium,
  Title                    = {Premium principles},
  Author                   = {Young, Virginia R.},
  booktitle                = {Encyclopedia of Actuarial Science},
  Year                     = {2004},
  publisher                = {Wiley Online Library}
}


@article{gollier1995second,
  title={Second-best insurance contract design in an incomplete market},
  author={Gollier, Christian and Schlesinger, Harris},
  journal={The Scandinavian Journal of Economics},
  pages={123--135},
  year={1995},
  publisher={JSTOR},
  url = {https://doi.org/10.2307/3440833}
}

@article{sung2011behavioral,
  title={Behavioral optimal insurance},
  author={Sung, KCJ and Yam, SCP and Yung, SP and Zhou, JH},
  journal={Insurance: Mathematics and Economics},
  volume={49},
  number={3},
  pages={418--428},
  year={2011},
  publisher={Elsevier}
}

@article{cai2008optimal,
  title={Optimal reinsurance under VaR and CTE risk measures},
  author={Cai, Jun and Tan, Ken Seng and Weng, Chengguo and Zhang, Yi},
  journal={Insurance: Mathematics and Economics},
  volume={43},
  number={1},
  pages={185--196},
  year={2008},
  publisher={Elsevier},
  url = {https://doi.org/10.1016/j.insmatheco.2008.05.011}
}

@article{tan2014empirical,
  title={Empirical approach for optimal reinsurance design},
  author={Tan, Ken Seng and Weng, Chengguo},
  journal={North American Actuarial Journal},
  volume={18},
  number={2},
  pages={315--342},
  year={2014},
  publisher={Taylor \& Francis},
  url = {https://doi.org/10.1080/10920277.2014.888008}
}


@article{cai2007optimal,
  title={Optimal retention for a stop-loss reinsurance under the VaR and CTE risk measures},
  author={Cai, Jun and Tan, Ken Seng},
  journal={Astin Bulletin},
  volume={37},
  number={01},
  pages={93--112},
  year={2007},
  publisher={Cambridge Univ Press},
  url = {https://doi.org/10.1017/S0515036100014756}
}



@article{guerra2012quantile,
  title={Are quantile risk measures suitable for risk-transfer decisions?},
  author={Guerra, Manuel and Centeno, Maria de Lourdes},
  journal={Insurance: Mathematics and Economics},
  volume={50},
  number={3},
  pages={446--461},
  year={2012},
  publisher={Elsevier}
}

@article{asimit2013optimal,
  title={Optimal risk transfer under quantile-based risk measurers},
  author={Asimit, Alexandru V and Badescu, Alexandru M and Verdonck, Tim},
  journal={Insurance: Mathematics and Economics},
  volume={53},
  number={1},
  pages={252--265},
  year={2013},
  publisher={Elsevier}
}

@article{jiang2015technical,
  title={Technical note. On estimating quantile sensitivities via infinitesimal perturbation analysis},
  author={Jiang, Guangxin and Fu, Michael C},
  journal={Operations Research},
  volume={63},
  number={2},
  pages={435--441},
  year={2015},
  publisher={INFORMS},
  url = {https://doi.org/10.1287/opre.2015.1356}
}


@article{hong2009estimating,
  title={Estimating quantile sensitivities},
  author={Hong, L. Jeff},
  journal={Operations Research},
  volume={57},
  number={1},
  pages={118--130},
  year={2009},
  publisher={INFORMS},
  url = {https://doi.org/10.1287/opre.1080.0531}
}

@article{fu2009conditional,
  title={Conditional Monte Carlo estimation of quantile sensitivities},
  author={Fu, Michael C and Hong, L Jeff and Hu, Jian-Qiang},
  journal={Management Science},
  volume={55},
  number={12},
  pages={2019--2027},
  year={2009},
  publisher={INFORMS},
  url = {https://doi.org/10.1287/mnsc.1090.1090}
}

@article{fu2008you,
  title={What you should know about simulation and derivatives},
  author={Fu, Michael C},
  journal={Naval Research Logistics},
  volume={55},
  number={8},
  pages={723--736},
  year={2008},
  url = { https://doi.org/10.1002/nav.20313}
}

@article{tasche1999risk,
  title={Risk contributions and performance measurement},
  author={Tasche, Dirk},
  journal={Report of the Lehrstuhl f{\"u}r mathematische Statistik, TU M{\"u}nchen},
  year={1999},
  publisher={Citeseer}
}


@Article{landsman2003tail,
  Title                    = {Tail conditional expectations for elliptical distributions},
  Author                   = {Landsman, Zinoviy M and Valdez, Emiliano A},
  Journal                  = {North American Actuarial Journal},
  Year                     = {2003},
  Number                   = {4},
  Pages                    = {55--71},
  Volume                   = {7},
  Publisher                = {Taylor \& Francis},
  Timestamp                = {2015.07.12}
}


@article{frees2017insurance,
  title={Insurance portfolio risk retention},
  author={Frees, Edward W},
  journal={North American Actuarial Journal},
  volume={21},
  number={4},
  pages={526--551},
  year={2017},
  publisher={Taylor \& Francis},
  url = {https://doi.org/10.1080/10920277.2017.1317272}
}

@Book{serfling2009approximation,
  Title                    = {Approximation Theorems of Mathematical Statistics},
  Author                   = {Serfling, Robert J.},
  Publisher                = {John Wiley \& Sons},
  Year                     = {1980},
  Volume                   = {162}
}

@Article{assa2015optimal,
  Title                    = {On optimal reinsurance policy with distortion risk measures and premiums},
  Author                   = {Assa, Hirbod},
  Journal                  = {Insurance: Mathematics and Economics},
  Year                     = {2015},
  Pages                    = {70--75},
  Volume                   = {61},
  publisher                = {Elsevier},
  url = {https://doi.org/10.1016/j.insmatheco.2014.11.007}
}

@article{gassmann2003multivariate,
  title={Multivariate normal probabilities: implementing an old idea of Plackett's},
  author={Gassmann, H. I.},
  journal={Journal of Computational and Graphical Statistics},
  volume={12},
  number={3},
  pages={731--752},
  year={2003},
  publisher={Taylor \& Francis}
}

@article{plackett1954reduction,
  title={A reduction formula for normal multivariate integrals},
  author={Plackett, Robin L.},
  journal={Biometrika},
  volume={41},
  number={3/4},
  pages={351--360},
  year={1954},
  publisher={JSTOR}
}

@techreport{schepsmeier2012web,
  title={Web supplement: Derivatives and Fisher information of bivariate copulas},
  author={Schepsmeier, Ulf and St{\"o}ber, Jakob},
  year={2012},
  institution={Tech. rep. TU M{\"u}nchen. }
}
%Available online "https://www.researchgate.net//profile//Ulf_Schepsmeier//publication//269278520_1119201//links//5485f47a0cf2ef34478abe8b.pdf"

@article{schepsmeier2014derivatives,
  title={Derivatives and Fisher information of bivariate copulas},
  author={Schepsmeier, Ulf and St{\"o}ber, Jakob},
  journal={Statistical Papers},
  volume={55},
  number={2},
  pages={525--542},
  year={2014},
  publisher={Springer}
}


@book{denuit2006actuarial,
  title={Actuarial Theory for Dependent Risks: Measures, Orders and Models},
  author={Denuit, Michel and Dhaene, Jan and Goovaerts, Marc and Kaas, Rob},
  year={2006},
  publisher={John Wiley \& Sons}
}

@article{landsman2006stochastic,
  title={Stochastic ordering of bivariate elliptical distributions},
  author={Landsman, Zinoviy and Tsanakas, Andreas},
  journal={Statistics \& probability letters},
  volume={76},
  number={5},
  pages={488--494},
  year={2006},
  publisher={Elsevier}
}

@article{dhaene2009correlation,
  title={Correlation order, merging and diversification},
  author={Dhaene, Jan and Denuit, Michel and Vanduffel, Steven},
  journal={Insurance: Mathematics and Economics},
  volume={45},
  number={3},
  pages={325--332},
  year={2009},
  publisher={Elsevier}
}

@article{dhaene2012optimal,
  title={Optimal capital allocation principles},
  author={Dhaene, Jan and Tsanakas, Andreas and Valdez, Emiliano A and Vanduffel, Steven},
  journal={Journal of Risk and Insurance},
  volume={79},
  number={1},
  pages={1--28},
  year={2012},
  publisher={Wiley Online Library}
}

@book{zimmerman2015,
  title={Probability and Statistical Inference, 9th Edition},
  author={Hogg, Robert V and Tanis, Elliot A and Zimmerman, Dale L},
  year={2015},
  publisher={Pearson, New York}
}
@Book{werner2016basic,
  title={Basic Ratemaking, Fifth Edition},
  author={Werner, Geoff and Modlin, Claudine},
  publisher = {Casualty Actuarial Society},
  url = {https://www.casact.org/library/studynotes/werner_modlin_ratemaking.pdf},
  Note = {[Retrieved on April 1, 2019]},
  year={2016}
}


@article{denuit2019concentrationGini,
  title={Model selection based on Lorenz and concentration curves, Gini indices and convex order},
  author={Denuit, Michel and Sznajder, Dominik and Trufin, Julien},
  journal={Insurance: Mathematics and Economics},
  year={2019}
}

@incollection{bauer2013financial,
  title={Financial pricing of insurance},
  author={Bauer, Daniel and Phillips, Richard D. and Zanjani, George H.},
  booktitle={Handbook of Insurance},
  pages={627--645},
  year={2013},
  publisher={Springer}
}

@InProceedings{frees2014frequency,
  title={Frequency and severity models},
  author={Frees, Edward W},
  booktitle={Predictive Modeling Applications in Actuarial Science},
  editor = {Frees, Edward W and Meyers, Glenn and Derrig, Richard},
  volume={1},
  pages={138--164},
  year={2014},
  publisher={Cambridge University Press Cambridge}
}

@book{friedland2013fundamentals,
  title={Fundamentals of General Insurance Actuarial Analysis},
  author={Friedland, Jacqueline},
  year={2013},
  publisher={Society of Actuaries}
}

@InProceedings{finger2006risk,
  title={Risk classification},
  author={Finger, Robert J.},
  journal={Foundations of Casualty Actuarial Science},
  pages={231--276},
  year={2006}
}

@Book{niehaus2003risk,
  title={Risk Management and Insurance},
  author={Niehaus, Gregory and Harrington, Scott},
  publisher = {McGraw Hill},
  address = {New York},
  year={2003}
}


@inproceedings{derrig2001applications,
  title={Applications of resampling methods in actuarial practice},
  author={Derrig, Richard A and Ostaszewski, Krzysztof M and Rempala, Grzegorz A},
  booktitle={Proceedings of the Casualty Actuarial Society},
  volume={87},
  pages={322--364},
  year={2001},
  organization={Casualty Actuarial Society.}
}

@article{frees2016multivariate,
  title={Multivariate frequency severity regression models in insurance},
  author={Frees, Edward W and Lee, Gee and Yang, Lu},
  journal={Risks},
  volume={4},
  number={1},
  pages={4},
  year={2016},
  publisher={Multidisciplinary Digital Publishing Institute},
  url = {https://doi.org/10.3390/risks4010004}
}

@article{clark1996basics,
  title={Basics of reinsurance pricing},
  author={Clark, David R},
  journal={CAS Study Note},
  pages={41--43},
  url = {https://www.soa.org/files/edu/edu-2014-exam-at-study-note-basics-rein.pdf},
  year={1996}
}

@article{bahnemann2015distributions,
  title={Distributions for Actuaries},
  author={Bahnemann, David},
  url = {https://www.casact.org/pubs/monographs/papers/02-Bahnemann.pdf},
  journal={CAS Monograph Series},
  number={2},
  year={2015}
}

@InProceedings{ASBStandards,
  Title                    = {Actuarial Standards of Practice},
  Author                   = {{Actuarial Standards Board}},
  Year                     = {2018},
  Note                     = {[Retrieved on Oct 3, 2018]},
  Publisher                = {American Academy of Actuaries},
  Url                      = {http://www.actuarialstandardsboard.org/standards-of-practice/}
}


@Book{xie2015,
  title = {Dynamic Documents with {R} and knitr},
  author = {Yihui Xie},
  publisher = {Chapman and Hall/CRC},
  address = {Boca Raton, Florida},
  year = {2015},
  edition = {2nd},
  note = {ISBN 978-1498716963},
  url = {http://yihui.name/knitr/},
}

@InProceedings{NAICGlossary,
  Title                    = {Glossary of Insurance Terms},
  Author                   = {{NAIC Glossary}},
  Year                     = {2018},
  Note                     = {[Retrieved on Sept 11, 2018]},
  Publisher                = {National Association of Insurance Commissioners},
  Url                      = {https://www.naic.org/consumer_glossary.htm}
}

@InProceedings{III2017,
  Title                    = {International Insurance Fact Book},
  Author                   = {{Insurance~Information~Institute}},
  Year                     = {2017},
  Note                     = {[Retrieved on Sept 9, 2018]},
  Publisher                = {Insurance Information Institute},
  Url                      = {http://www.iii.org/sites/default/files/docs/pdf/international_insurance_factbook_2017.pdf}
}

@InProceedings{III2016,
  Title                    = {International Insurance Fact Book},
  Author                   = {{Insurance~Information~Institute}},
  Year                     = {2016},
  Note                     = {[Retrieved on Sept 9, 2018]},
  Publisher                = {Insurance Information Institute},
  Url                      = {http://www.iii.org/sites/default/files/docs/pdf/international_insurance_factbook_2016.pdf}
}



@InProceedings{III2015,
  Title                    = {International Insurance Fact Book},
  Author                   = {{Insurance~Information~Institute}},
  Year                     = {2015},
  Note                     = {[Retrieved on May 10, 2016]},
  Publisher                = {Insurance Information Institute},
  Url                      = {http://www.iii.org/sites/default/files/docs/pdf/international_insurance_factbook_2015.pdf}
}

@Book{bowers1986actuarial,
  Title                    = {Actuarial Mathematics},
  Author                   = {Bowers, Newton L and Gerber, Hans U and Hickman, James C and Jones, Donald A and Nesbitt, Cecil J},
  Publisher                = {Society of Actuaries Itasca, Ill.},
  Year                     = {1986}
}

@Book{dickson2013actuarial,
  Title                    = {Actuarial Mathematics for Life Contingent Risks},
  Author                   = {Dickson, David C. M. and Hardy, Mary and Waters, Howard R.},
  Publisher                = {Cambridge University Press},
  Year                     = {2013}
}

@InProceedings{survey2013,
  Title                    = {2013 Insurance Predictive Modeling Survey},
  Author                   = {Earnix},
  Year                     = {2013},
  Note                     = {[Retrieved on July 7, 2014]},
  Publisher                = {Earnix and Insurance Services Office, Inc.},
  Url                      = {http://earnix.com/2013-insurance-predictive-modeling-survey/3594/}
}

@Article{bailey1960,
  Title                    = {Two studies in automobile ratemaking},
  Author                   = {Bailey, Robert A. and LeRoy, J. Simon},
  Journal                  = {Proceedings of the Casualty Actuarial Society Casualty Actuarial Society},
  Year                     = {1960},
  Number                   = {I},
  Volume                   = {XLVII}
}

@inproceedings{venter2002tails,
  title={Tails of copulas},
  author={Venter, Gary G.},
  booktitle={Proceedings of the Casualty Actuarial Society},
  volume={89},
  number={171},
  pages={68--113},
  year={2002}
}

@InProceedings{SASsurvey,
  Title                    = {Building believers: How to expand the use of predictive analytics in claims},
  Author                   = {Gorman, Mark and Swenson, Stephen},
  Year                     = {2013},
  Note                     = {[Retrieved on August 17, 2014]},
  Publisher                = {SAS},
  Url                      = {http://www.sas.com/resources/whitepaper/wp_59831.pdf}
}

@inproceedings{venter1983transformed,
  title={Transformed beta and gamma distributions and aggregate losses},
  author={Venter, Gary},
  booktitle={Proceedings of the Casualty Actuarial Society},
  volume={70},
  number={133 \& 134},
  pages={289--308},
  year={1983}
}

@article{mcdonald1984some,
  title={Some generalized functions for the size distribution of income},
  author={McDonald, James B},
  journal={Econometrica: journal of the Econometric Society},
  pages={647--663},
  year={1984},
  publisher={JSTOR}
}


@Article{lee1988thirteen,
  Title                    = {Thirteen ways to look at the correlation coeffeicient},
  Author                   = {Lee Rodgers, J and Nicewander , W. A },
  Journal                  = {The American Statistician},
  Year                     = {1998},
  Number                   = {01},
  Pages                    = {59--66},
  Volume                   = {42}

}

@Book{hettmansperger1984statistical,
  title     = {Statistical Inference Based on Ranks},
  publisher = {Wiley},
  year      = {1984},
  author    = {Hettmansperger, T. P.},
}


@Article{spearman1904proof,
  Title                    = {The proof and measurement of association between two things},
  Author                   = {Spearman, C},
  Journal                  = {The American Journal of Psychology},
  Year                     = {1904},
  Number                   = {01},
  Pages                    = {72--101},
  Volume                   = {15}
}


@Article{kendall1938new,
  Title                    = {A new measure of rank correlation},
  Author                   = {Kendall, Maurice G},
  Journal                  = {Biometrika},
  Year                     = {1938},
  Pages                    = {81--93}

}


@Book{hougaard2000analysis,
  Title                    = {Analysis of Multivariate Survival Data},
  Author                   = {Hougaard, P},
  Publisher                = {Springer New York},
  Year                     = {2000}
}


@Article{fechnerkollektivmasslehre,
  Title                    = {Kollektivmasslehre},
  Author                   = {Fechner, G. T},
  Journal                  = {Wilhelm Englemann, Leipzig},
  Year                     = {1897}

}

@Article{blomqvist1950measure,
  Title                    = {On a measure of dependence between two random variables},
  Author                   = {Blomqvist, Nils},
  Journal                  = {The Annals of Mathematical Statistic},
  Year                     = {1950},
  Pages                    = {593--600}

}

@Book{joe2014dependence,
  Title                    = {Dependence Modeling with Copulas},
  Author                   = {Joe, Harry},
  Publisher                = {CRC Press},
  Year                     = {2014}
}


@Article{dabrowska1988kaplan,
  Title                    = {Kaplan-meier estimate on the plane},
  Author                   = {Dabrowska, Dorota M.},
  Journal                  = {The Annals of Statistics},
  Year                     = {1988},
  Pages                    = {1475--1489}

}


@Book{bishop1975discrete,
  Title                    = {Discrete Multivariate Analysis: Theory and Practice},
  Author                   = {Bishop, Yvonne M. and Fienberg, Stephen E. and Holland, Paul W.},
  Publisher                = {Cambridge [etc.]: MIT},
  Year                     = {1975}
}


@Article{yule1900association,
  Title                    = {On the association of attributes in statistics: with illustrations from the material of the childhood society},
  Author                   = {Yule, G. Udny},
  Journal                  = {Philosophical Transactions of the Royal Society of London. Series A, Containing Papers of a Mathematical or Physical Character},
  Year                     = {1900},
  Pages                    = {257--319}

}



@Article{yule1912methods,
  Title                    = {On the methods of measuring association between two attributes},
  Author                   = {Yule, G. Udny},
  Journal                  = {Journal of the Royal Statistical Society},
  Year                     = {1912},
  Pages                    = {579--652}

}


@Article{genest2007methods,
  Title                    = {A primer on copulas for count data},
  Author                   = {Genest, Christian and Ne\v{s}lohva, Johanna},
  Journal                  = {Journal of the Royal Statistical Society},
  Year                     = {2007},
  Pages                    = {475--515}
}



@Book{hofertelements,
  Title                    = {Elements of Copula Modeling with R},
  Author                   = {Hofert, Marius and Kojadinovic, Ivan and M\"{a}chler, Martin  and Yan, Jun },
  Publisher                = {Springer},
  Year                     = {2018}
}



@Article{frees1998understanding,
  Title                    = {Understanding relationships using copulas},
  Author                   = {Frees, Edward W and Valdez, Emiliano A.},
  Journal                  = {North American Actuarial Journal},
  Year                     = {1998},
  Pages                    = {1--25},
   Volume                   = {2},
 Number                  = {01},
 url = {https://doi.org/10.1080/10920277.1998.10595667}
}


@Article{genest1986bivariate,
  Title                    = {The joy of copulas: Bivariate distributions with uniform marginals},
  Author                   = {Genest, Christian and Mackay, Josh},
  Journal                  = {The American Statistician},
  Year                     = {1986},
  Pages                    = {280-283},
   Volume                   = {40},
   url = {https://doi.org/10.1080/00031305.1986.10475414}
}


@Book{nelsen1997introduction,
  Title                    = {An Introduction to Copulas},
  Author                   = {Nelson, Roger B.},
  Publisher                = {Lecture Notes in Statistics 139},
  Year                     = {1997}
}

@InProceedings{Boor1996,
  author    = {Joseph A. Boor},
  title     = {The Complement of Credibility},
  booktitle = {Proceedings of the Casualty Actuarial Society},
  year      = {1996},
  pages     = {1-40},
}

@Article{Buhlmann1967,
  author    = {Hans B\"{u}hlmann},
  title     = {The Complement of Credibility},
  year      = {1967},
  pages     = {199-207},
  publisher = {ASTIN Bulletin},
}

@Book{Buhlmann2005,
  title     = {A Course in Credibility Theory and its Applications},
  publisher = {ACTEX Publications},
  year      = {2005},
  author    = {Hans B\"{u}hlmann and Alois Gisler},
}

@Book{Herzog1994,
  title     = {Introduction to Credibility Theory},
  publisher = {ACTEX Publications},
  year      = {1994},
  author    = {Thomas N. Herzog},
}


@Book{Mahler2001,
  title     = {Foundations of Casualty Actuarial Science},
  publisher = {John Wiley \& Sons},
  year      = {2001},
  author    = {Howard C. Mahler and Curtis Gary Dean},
}

@Book{Tse2009,
  title     = {Nonlife Actuarial Models: Theory, Methods and Evaluation},
  publisher = {Cambridge University Press},
  year      = {2009},
  author    = {Yiu-Kuen Tse},
}



@book{mccullagh1989generalized,
  title={Generalized linear models},
  author={McCullagh, Peter and Nelder, John A.},
  volume={37},
  year={1989},
  publisher={CRC press}
}

@Book{frees2009regression,
  Title                    = {Regression Modeling with Actuarial and Financial Applications},
  Author                   = {Frees, Edward W},
  Publisher                = {Cambridge University Press},
  Year                     = {2009}
}

@Article{frees2008hierarchical,
  Title                    = {Hierarchical insurance claims modeling},
  Author                   = {Frees, Edward W and Valdez, Emiliano A.},
  Journal                  = {Journal of the American Statistical Association},
  Year                     = {2008},
  Number                   = {484},
  Pages                    = {1457--1469},
  Volume                   = {103},
  Publisher                = {Taylor \& Francis}
}

@Book{agresti1996introduction,
  title={An Introduction to Categorical Data Analysis},
  author={Agresti, Alan},
  volume={135},
  year={1996},
  publisher={Wiley New York}
}

@Book{faraway2016extending,
  title={Extending the Linear Model with R: Generalized Linear, Mixed Effects and Nonparametric Regression Models},
  author={Faraway, Julian J},
  volume={124},
  year={2016},
  publisher={CRC press}
}


@Book{dobson2008introduction,
  title={An Introduction to Generalized Linear Models},
  author={Dobson, Annette J and Barnett, Adrian},
  year={2008},
  publisher={CRC press}
}

@Book{ohlsson2010non,
  title={Non-life Insurance Pricing with Generalized Linear Models},
  author={Ohlsson, Esbj{\"o}rn and Johansson, Bj{\"o}rn},
  volume={21},
  year={2010},
  publisher={Springer}
}


@Book{abbott2014,
  Title                    = {Applied Predictive Analytics: Principles and Techniques for the Professional Data Analyst},
  Author                   = {Dean Abbott},
  Publisher                = {Wiley},
  Year                     = {2014},
  Address                  = {Hoboken, NJ},
  File                     = {abbott2014.pdf:abbott2014.pdf:PDF},
  Owner                    = {Guojun Gan},
  Timestamp                = {2018.01.13}
}

@InProceedings{abdullah2013data,
  Title                    = {The mapping process of unstructured data to structured data},
  Author                   = {Mohammad F. Abdullah and Kamsuriah Ahmad},
  Booktitle                = {2013 International Conference on Research and Innovation in Information Systems (ICRIIS)},
  Year                     = {2013},
  Pages                    = {151-155},
  Owner                    = {Guojun Gan},
  Timestamp                = {2018.01.18}
}

@Book{buttrey2017,
  Title                    = {A Data Scientist's Guide to Acquiring, Cleaning, and Managing Data in {R}},
  Author                   = {Samuel E. Buttrey and Lyn R. Whitaker},
  Publisher                = {Wiley},
  Year                     = {2017},
  Address                  = {Hoboken, NJ},
  File                     = {buttrey2017.pdf:buttrey2017.pdf:PDF},
  Owner                    = {Guojun Gan},
  Timestamp                = {2018.01.14}
}

@Book{chen2014b,
  Title                    = {Big Data: Related Technologies, Challenges and Future Prospects},
  Author                   = {Min Chen and Shiwen Mao and Yin Zhang and Victor CM Leung},
  Publisher                = {Springer},
  Year                     = {2014},
  Address                  = {New York, NY},
  File                     = {chen2014b.pdf:chen2014b.pdf:PDF},
  Owner                    = {Guojun Gan},
  Timestamp                = {2015.07.19}
}

@Book{daroczi2015,
  Title                    = {Mastering Data Analysis with {R}},
  Author                   = {Gergely Daroczi},
  Publisher                = {Packt Publishing},
  Year                     = {2015},
  Address                  = {Birmingham, UK},
  File                     = {daroczi2015.pdf:daroczi2015.pdf:PDF},
  Owner                    = {Guojun Gan},
  Timestamp                = {2018.01.18}
}

@Book{forte2015,
  Title                    = {Mastering Predictive Analytics with R},
  Author                   = {Rui Miguel Forte},
  Publisher                = {Packt Publishing},
  Year                     = {2015},
  Address                  = {Birmingham, UK},
  File                     = {forte2015.pdf:forte2015.pdf:PDF},
  Owner                    = {Guojun Gan},
  Timestamp                = {2018.01.14}
}

@Book{frees2009,
  Title                    = {Regression Modeling with Actuarial and Financial Applications},
  Author                   = {Frees, Edward W},
  Publisher                = {Cambridge University Press},
  Year                     = {2009},
  File                     = {frees2009.pdf:frees2009.pdf:PDF},
  Timestamp                = {2014.02.05}
}

@Book{gan2011,
  Title                    = {Data Clustering in C++: An Object-Oriented Approach},
  Author                   = {Gan, Guojun},
  Publisher                = {Chapman \& Hall/CRC Press},
  Year                     = {2011},
  Address                  = {Boca Raton, FL, USA},
  Series                   = {Data Mining and Knowledge Discovery Series},
  DOI                      = {10.1201/b10814},
  Timestamp                = {2013.03.15}
}

@Article{good1983data,
  Title                    = {The Philosophy of Exploratory Data Analysis},
  Author                   = {I. J. Good},
  Journal                  = {Philosophy of Science},
  Year                     = {1983},
  Number                   = {2},
  Pages                    = {283-295},
  Volume                   = {50},
  Timestamp                = {2018.01.19}
}

@Article{hashem2015bigdata,
  Title                    = {The rise of ``big data'' on cloud computing: Review and open research issues},
  Author                   = {Ibrahim Abaker Targio Hashem and Ibrar Yaqoob and Nor Badrul Anuar and Salimah Mokhtar and Abdullah Gani and Samee Ullah Khan},
  Journal                  = {Information Systems},
  Year                     = {2015},
  Pages                    = {98 - 115},
  Volume                   = {47},
  File                     = {hashem2015bigdata.pdf:hashem2015bigdata.pdf:PDF},
}

@InCollection{hox2005data,
  Title                    = {Data collection, primary versus secondary},
  Author                   = {Joop J. Hox and Hennie R. Boeije},
  Booktitle                = {Encyclopedia of social measurement},
  Publisher                = {Elsevier},
  Year                     = {2005},
  Pages                    = {593 - 599},
  File                     = {hox2005data.pdf:hox2005data.pdf:PDF},
}

@Book{igual2017,
  Title                    = {Introduction to Data Science. A {P}ython Approach to Concepts, Techniques and Applications},
  Author                   = {Laura Igual and Santi Segu},
  Publisher                = {Springer},
  Year                     = {2017},
  Address                  = {New York, NY},
  File                     = {igual2017.pdf:igual2017.pdf:PDF},
  Owner                    = {Guojun Gan},
  Timestamp                = {2018.01.14}
}

@Book{inmon2014,
  Title                    = {Data Architecture: A Primer for the Data Scientist: Big Data, Data Warehouse and Data Vault},
  Author                   = {W.H. Inmon and Dan Linstedt},
  Publisher                = {Morgan Kaufmann},
  Year                     = {2014},
  Address                  = {Cambridge, MA},
  File                     = {inmon2014.pdf:inmon2014.pdf:PDF},
  Owner                    = {Guojun Gan},
  Timestamp                = {2018.01.14}
}

@Book{janert2010,
  Title                    = {Data Analysis with Open Source Tools},
  Author                   = {Philipp K. Janert},
  Publisher                = {O'Reilly Media},
  Year                     = {2010},
  Address                  = {Sebastopol, CA},
  File                     = {janert2010.pdf:janert2010.pdf:PDF},
  Owner                    = {Guojun Gan},
  Timestamp                = {2018.01.14}
}

@Book{judd2017,
  Title                    = {Data Analysis. A Model Comparison Approach to Regression, {ANOVA} and beyond},
  Author                   = {Charles M. Judd and Gary H. McClelland and Carey S. Ryan},
  Publisher                = {Routledge},
  Year                     = {2017},
  Address                  = {New York, NY},
  Edition                  = {3rd},
  File                     = {judd2017.pdf:judd2017.pdf:PDF},
  Owner                    = {Guojun Gan},
  Timestamp                = {2018.01.13}
}

@Book{larose2015,
  Title                    = {Data Mining and Predictive Analytics},
  Author                   = {Daniel T. Larose and Chantal D. Larose},
  Publisher                = {Wiley},
  Year                     = {2015},
  Address                  = {Hoboken, NJ},
  File                     = {larose2015.pdf:larose2015.pdf:PDF},
  Owner                    = {Guojun Gan},
  Timestamp                = {2018.01.13}
}

@Book{miles2014,
  Title                    = {Qualitative Data Analysis: A Methods Sourcebook},
  Author                   = {Matthew Miles and Michael Hberman and Johnny Sdana},
  Publisher                = {Sage},
  Year                     = {2014},
  Address                  = {Thousand Oaks, CA},
  Edition                  = {3rd},
  File                     = {miles2014.pdf:miles2014.pdf:PDF},
  Owner                    = {Guojun Gan},
  Timestamp                = {2018.01.14}
}

@Article{leary2013bigdata,
  Title                    = {Artificial Intelligence and Big Data},
  Author                   = {D. E. O'Leary},
  Journal                  = {IEEE Intelligent Systems},
  Year                     = {2013},
  Number                   = {2},
  Pages                    = {96-99},
  Volume                   = {28},
  File                     = {leary2013bigdata.pdf:leary2013bigdata.pdf:PDF},
  Owner                    = {Guojun Gan},
  Timestamp                = {2018.01.18}
}

@Book{olson2003,
  Title                    = {Data Quality: The Accuracy Dimension},
  Author                   = {Jack E. Olson},
  Publisher                = {Morgan Kaufmann},
  Year                     = {2003},
  Address                  = {San Francisco, CA},
  File                     = {olson2003.pdf:olson2003.pdf:PDF},
  Owner                    = {Guojun Gan},
  Timestamp                = {2018.01.13}
}

@Book{pries2015,
  Title                    = {Big Data Analytics: A Practical Guide for Managers},
  Author                   = {Kim H. Pries and Robert Dunnigan},
  Publisher                = {CRC Press},
  Year                     = {2015},
  Address                  = {Boca Raton, FL},
  File                     = {pries2015.pdf:pries2015.pdf:PDF},
  Owner                    = {Guojun Gan},
  Timestamp                = {2015.08.29}
}

@Article{shmueli2010model,
  Title                    = {To Explain or to Predict?},
  Author                   = {Galit Shmueli},
  Journal                  = {Statistical Science},
  Year                     = {2010},
  Number                   = {3},
  Pages                    = {289-310},
  Volume                   = {25},
  File                     = {shmueli2010model.pdf:shmueli2010model.pdf:PDF},
  Owner                    = {Guojun Gan},
  Timestamp                = {2018.01.14}
}

@Article{tukey1962data,
  Title                    = {The Future of Data Analysis},
  Author                   = {John W. Tukey},
  Journal                  = {The Annals of Mathematical Statistics},
  Year                     = {1962},
  Number                   = {1},
  Pages                    = {1-67},
  Volume                   = {33},
  File                     = {tukey1962data.pdf:tukey1962data.pdf:PDF},
  Owner                    = {Guojun Gan},
  Publisher                = {Institute of Mathematical Statistics},
  Timestamp                = {2018.01.21}
}

@Book{warden2011,
  Title                    = {Data Source Handbook},
  Author                   = {Pete Warden},
  Publisher                = {O'Reilly Media},
  Year                     = {2011},
  Address                  = {Sebastopol, CA},
  File                     = {warden2011.pdf:warden2011.pdf:PDF},
  Owner                    = {Guojun Gan},
  Timestamp                = {2018.01.14}
}

@Article{gelman2004eda,
  author    = {Andrew Gelman},
  title     = {Exploratory Data Analysis for Complex Models},
  journal   = {Journal of Computational and Graphical Statistics},
  year      = {2004},
  volume    = {13},
  number    = {4},
  pages     = {755-779},
  file      = {:gelman2004eda.pdf:PDF},
  owner     = {gan},
  timestamp = {2018.01.22},
}

@Article{breiman2001modeling,
  author    = {Leo Breiman},
  title     = {Statistical Modeling: The Two Cultures},
  journal   = {Statistical Science},
  year      = {2001},
  volume    = {16},
  number    = {3},
  pages     = {199--231},
  file      = {:breiman2001modeling.pdf:PDF},
  owner     = {gan},
  timestamp = {2018.01.22},
}

@Book{mailund2017,
  title     = {Beginning Data Science in R: Data Analysis, Visualization, and Modelling for the Data Scientist},
  publisher = {Apress},
  year      = {2017},
  author    = {Thomas Mailund},
  file      = {mailund2017.pdf:mailund2017.pdf:PDF},
  owner     = {Guojun Gan},
  timestamp = {2018.01.13},
}

@Book{wu2012,
  title     = {Foundations of predictive analytics},
  publisher = {CRC Press},
  year      = {2012},
  author    = {James Wu and Stephen Coggeshall},
  address   = {Boca Raton, FL},
  file      = {wu2012.pdf:wu2012.pdf:PDF},
  owner     = {Guojun Gan},
  timestamp = {2018.01.13},
}

@Book{runkler2012,
  title     = {Data Analytics: Models and Algorithms for Intelligent Data Analysis},
  publisher = {Springer},
  year      = {2012},
  author    = {Thomas A. Runkler},
  address   = {New York, NY},
  file      = {runkler2012.pdf:runkler2012.pdf:PDF},
  owner     = {Guojun Gan},
  timestamp = {2018.01.13},
}

@Book{mirkin2011,
  title     = {Core Concepts in Data Analysis: Summarization, Correlation and Visualization},
  publisher = {Springer},
  year      = {2011},
  author    = {Boris Mirkin},
  address   = {London, UK},
  file      = {mirkin2011.pdf:mirkin2011.pdf:PDF},
  owner     = {Guojun Gan},
  timestamp = {2018.01.13},
}

@Book{albers2017,
  title     = {Introduction to Quantitative Data Analysis in the Behavioral and Social Sciences},
  publisher = {John Wiley \& Sons, Inc.},
  year      = {2017},
  author    = {Michael J. Albers},
  address   = {Hoboken, NJ},
  file      = {:albers2017.pdf:PDF},
  owner     = {gan},
  timestamp = {2018.01.24},
}

@Book{kubat2017,
  title     = {An Introduction to Machine Learning},
  publisher = {Springer},
  year      = {2017},
  author    = {Miroslav Kubat},
  address   = {New York, NY},
  edition   = {2nd},
  file      = {:kubat2017.pdf:PDF},
  owner     = {gan},
  timestamp = {2018.01.03},
}

@Book{mohri2012,
  title     = {Foundations of Machine Learning},
  publisher = {MIT Press},
  year      = {2012},
  author    = {Mehryar Mohri and Afshin Rostamizadeh and Ameet Talwalkar},
  address   = {Cambridge, MA},
  file      = {mohri2012.pdf:mohri2012.pdf:PDF},
  owner     = {Guojun Gan},
  timestamp = {2017.05.18},
}

@Book{bandyo2011,
  title     = {Philosophy of Statistics},
  publisher = {North Holland},
  year      = {2011},
  editor    = {Prasanta S. Bandyopadhyay and Malcolm R. Forster},
  series    = {Handbook of the Philosophy of Science 7},
  file      = {bandyo2011.pdf:bandyo2011.pdf:PDF},
  owner     = {Guojun Gan},
  timestamp = {2018.01.24},
}

@Book{clarke2009,
  title     = {Principles and theory for data mining and machine learning},
  publisher = {Springer-Verlag},
  year      = {2009},
  author    = {Bertrand Clarke and Ernest Fokoue and Hao Helen Zhang},
  address   = {New York, NY},
  file      = {clarke2009.pdf:clarke2009.pdf:PDF},
  owner     = {Guojun Gan},
  timestamp = {2015.10.07},
}

@Book{bishop2007,
  title     = {Pattern Recognition and Machine Learning},
  publisher = {Springer},
  year      = {2007},
  author    = {Christopher M. Bishop},
  address   = {New York, NY},
  file      = {bishop2007.pdf:bishop2007.pdf:PDF},
  owner     = {Guojun},
  timestamp = {2014.06.08},
}

@Article{samuel1959ml,
  author    = {A. L. Samuel},
  title     = {Some Studies in Machine Learning Using the Game of Checkers},
  journal   = {IBM Journal of Research and Development},
  year      = {1959},
  volume    = {3},
  number    = {3},
  pages     = {210-229},
  owner     = {gan},
  timestamp = {2018.01.02},
}

@Book{aggarwal2015,
  title     = {Data Mining: The Textbook},
  publisher = {Springer},
  year      = {2015},
  author    = {Charu C. Aggarwal},
  address   = {New York, NY},
  file      = {aggarwal2015.pdf:aggarwal2015.pdf:PDF},
  owner     = {Guojun Gan},
  timestamp = {2016.10.18},
}

@Book{gan2014,
  title     = {Measure, Probability, and Mathematical Finance: A Problem-Oriented Approach},
  publisher = {John Wiley \& Sons, Inc.},
  year      = {2014},
  author    = {Guojun Gan and Chaoqun Ma and Hong Xie},
  address   = {Hoboken, NJ},
  annote    = {The purpose of this book is to provide the reader with an introduction to the mathematical theory underlying the financial models being used and developed at Wall Street. To this end, this book covers important concepts and results in measure theory, probability theory, stochastic processes, and stochastic calculus so that the reader will be in a position to understand these financial models. \\ An anonymous reviewer of this book said: ``\textit{Based only on the table of contents, purpose of the book, and the authors' credentials, I can say that this is an important and needed book. It would fill part of the existing informational gap in our knowledge structure, educational system, as well as in the market of quality books in finance. It would certainly help expand our understanding of how our financial markets work, both in theoretical and practical sense. I like the problem-solving approach for it is the only way to make perfect sense when it comes to applying mathematical analysis in real life situations. In order to really understand the dynamics of the financial market, and the behavior of different players in the market, it would not be enough to narrate the concepts, tell stories, and give instructions. Changes and fluctuations have to be quantified and patterns have to be modeled and graphically visualized. I would support the publication of this book.}'' \\ Another anonymous reviewer of this book said: ``\textit{The book under review caught my attention right from the title. I am a (cautious) supporter of Inquiry-Based Learning (IBL), aka, `The Moore Method', wherein a subject area is presented to the audience through a well-chosen series of problems. The goal is to have the students build the theory themselves, and the instructor takes a less exposed role, namely, that of a moderator. The topics taught in IBL-based courses are usually drawn from point-set topology or elementary number theory; I was, therefore, quite surprised when I saw that Gan wants to apply the same methodological approach to my field, mathematical finance. They start with the basics (measure and integration theory and basic probability) and leads the reader all the way through, to the most important models of mathematical finance. This choice of topics is rather standard and forms a well-established canon of the discipline.}''},
  file      = {gan2014toc.pdf:gan2014toc.pdf:PDF},
  owner     = {ganguoj},
  timestamp = {2014.03.15},
  url       = {http://amzn.com/1118831969},
}

@Book{gan2007,
  title     = {Data Clustering: Theory, Algorithms, and Applications},
  publisher = {SIAM Press},
  year      = {2007},
  author    = {Guojun Gan and Chaoqun Ma and Jianhong Wu},
  address   = {Philadelphia, PA},
  doi       = {10.1137/1.9780898718348},
  owner     = {Nicholas},
  timestamp = {2014.05.20},
}

@Book{dejong2008,
  title     = {Generalized linear models for insurance data},
  publisher = {Cambridge University Press},
  year      = {2008},
  author    = {de Jong, Piet and Heller, Gillian Z.},
  address   = {Cambridge, UK},
  file      = {dejong2008.pdf:dejong2008.pdf:PDF},
  owner     = {gan},
  timestamp = {2016.07.12},
}

@Book{breiman1984,
  title     = {Classification and Regression Trees},
  publisher = {Chapman and Hall/CRC},
  year      = {1984},
  author    = {Leo Breiman and Jerome Friedman and Charles J. Stone and R.A. Olshen},
  address   = {Raton Boca, FL},
  file      = {breiman1984.pdf:breiman1984.pdf:PDF},
  owner     = {Guojun Gan},
  timestamp = {2017.10.04},
}

@Book{mitchell1997,
  title     = {Machine Learning},
  publisher = {McGraw-Hill},
  year      = {1997},
  author    = {Tom M. Mitchell},
  file      = {mitchell1997.djvu:mitchell1997.djvu:Djvu},
  owner     = {Guojun Gan},
  timestamp = {2018.01.02},
}

@Book{bluman2012,
  title     = {Elementary Statistics: A Step By Step Approach},
  publisher = {McGraw-Hill},
  year      = {2012},
  author    = {Allan Bluman},
  address   = {New York, NY},
  file      = {bluman2012.pdf:bluman2012.pdf:PDF},
  owner     = {Guojun},
  timestamp = {2014.06.05},
}

@article{lorenz1905methods,
  title={Methods of measuring the concentration of wealth},
  author={Lorenz, Max O.},
  journal={Publications of the American statistical association},
  volume={9},
  number={70},
  pages={209--219},
  year={1905},
  publisher={Taylor \& Francis}
}

@article{frees2014insurance,
  title={Insurance ratemaking and a Gini index},
  author={Frees, Edward W and Meyers, Glenn and Cummings, A. David},
  journal={Journal of Risk and Insurance},
  volume={81},
  number={2},
  pages={335--366},
  year={2014},
  publisher={Wiley Online Library}
}

@article{frees2011summarizing,
  title={Summarizing insurance scores using a Gini index},
  author={Frees, Edward W and Meyers, Glenn and Cummings, A. David},
  journal={Journal of the American Statistical Association},
  volume={106},
  number={495},
  pages={1085--1098},
  year={2011},
  publisher={Taylor \& Francis}
}

@article{aalen1978,
  title={Nonparametric inference for a family of counting processes},
  author={Aalen, Odd},
  journal={The Annals of Statistics},
  volume={6},
  number={4},
  pages={701--726},
  year={1978},
  publisher={Institute of Mathematical Statistics}
}


@inproceedings{greenwood1926,
  title={The errors of sampling of the survivorship tables},
  author={Greenwood, Major},
  booktitle={Reports on Public Health and Statistical Subjects},
  volume={33},
  publisher={London: Her Majesty's Stationary Office},
  year={1926}
}

@article{kaplan1958,
  title={Nonparametric estimation from incomplete observations},
  author={Kaplan, Edward L. and Meier, Paul},
  journal={Journal of the American statistical association},
  volume={53},
  number={282},
  pages={457--481},
  year={1958},
  publisher={Taylor \& Francis}
}



@Book{klugman2012,
  title     = {Loss Models: From Data to Decisions},
  publisher = {John Wiley \& Sons},
  year      = {2012},
  author    = {Stuart A. Klugman and Harry H. Panjer and Gordon E. Willmot},
}

@Book{buhlmanngisler,
  title     = {A Course in Credibility Theory and its Applications},
  publisher = {ACTEX Publications},
  year      = {2005},
  author    = {Hans Buhlmann and Alois Gisler},
}

@Article{buhlmann,
  author    = {Hans Buhlmann},
  title     = {The Complement of Credibility},
  year      = {1967},
  pages     = {199-207},
  publisher = {ASTIN Bulletin},
}


@Article{hardy2006,
  author    = {Mary R. Hardy},
  title     = {An introduction to risk measures for actuarial applications.},
  year      = {2006},
  publisher = {CAS and SOA},
}


@book{billingsley,
  title={Probability and measure},
  author={Billingsley, Patrick},
  year={2008},
  publisher={John Wiley \& Sons}
}

@article{levin1977,
  title={Compound multinomial likelihood functions are unimodal: Proof of a conjecture of IJ Good},
  author={Levin, Bruce and Reeds, James and others},
  journal={The Annals of Statistics},
  volume={5},
  number={1},
  pages={79--87},
  year={1977},
  publisher={Institute of Mathematical Statistics}
}

@article{olkin1981,
  title={A comparison of n estimators for the binomial distribution},
  author={Olkin, Ingram and Petkau, A John and Zidek, James V},
  journal={Journal of the American Statistical Association},
  volume={76},
  number={375},
  pages={637--642},
  year={1981},
  publisher={Taylor \& Francis}
}

@book{cummins1991managing,
  title={Managing the Insolvency Risk of Insurance Companies: Proceedings of the Second International Conference on Insurance Solvency},
  author={Cummins, J. David and Derrig, Richard A.},
  volume={12},
  year={2012},
  publisher={Springer Science \& Business Media}
}

@article{kreer2015goodness,
  title={Goodness-of-fit tests and applications for left-truncated Weibull distributions to non-life insurance},
  author={Kreer, Markus and K{\i}z{\i}lers{\"u}, Ay{\c{s}}e and Thomas, Anthony W and dos Reis, Alfredo D Eg{\'\i}dio},
  journal={European Actuarial Journal},
  volume={5},
  number={1},
  pages={139--163},
  year={2015},
  publisher={Springer}
}

@article{mcdonald1995generalization,
  title={A generalization of the beta distribution with applications},
  author={McDonald, James B and Xu, Yexiao J},
  journal={Journal of Econometrics},
  volume={66},
  number={1-2},
  pages={133--152},
  year={1995},
  publisher={Elsevier}
}

@article{tevet2016applying,
  title={Applying Generalized Linear Models to Insurance Data},
  author={Tevet, Dan},
  journal={Predictive Modeling Applications in Actuarial Science: Volume 2, Case Studies in Insurance},
  pages={39},
  year={2016},
  publisher={Cambridge University Press}
}

@article{hartman2016,
  title={Bayesian Computational Methods},
  author={Hartman, Brian},
  journal={Predictive Modeling Applications in Actuarial Science: Volume 2, Case Studies in Insurance},
  year={2016},
  publisher={Cambridge University Press}
}


@article{snee1977validation,
  title={Validation of regression models: methods and examples},
  author={Snee, Ronald D.},
  journal={Technometrics},
  volume={19},
  number={4},
  pages={415--428},
  year={1977},
  publisher={Taylor \& Francis Group}
}

@article{picard1990data,
  title={Data splitting},
  author={Picard, Richard R. and Berk, Kenneth N.},
  journal={The American Statistician},
  volume={44},
  number={2},
  pages={140--147},
  year={1990},
  publisher={Taylor \& Francis}
}

@article{box1980sampling,
  title={Sampling and Bayes' inference in scientific modelling and robustness},
  author={Box, George EP},
  journal={Journal of the Royal Statistical Society. Series A (General)},
  pages={383--430},
  year={1980},
  publisher={JSTOR}
}

@book{james2013introduction,
  title={An introduction to statistical learning},
  author={James, Gareth and Witten, Daniela and Hastie, Trevor and Tibshirani, Robert},
  volume={112},
  year={2013},
  publisher={Springer}
}

@Comment{jabref-meta: databaseType:bibtex;}
